<!DOCTYPE html>
<!-- saved from url=(0635)http://m.11st.co.kr/MW/Mart/searchMartPrdList.tmall?decSearchKeyword=%BB%E7%C5%C1&searchType=mart&searchKeyword=%25EC%2582%25AC%25ED%2583%2595&listType=&sortCd=P&showAdvProducts=Y&dispCtgrNo=&dispCtgrLevel=&pageNo=&inKeyword=&withoutKeyword=&previousKwd=&previousExcptKwd=&fromPrice=&toPrice=&discountCheck=&noInterestCheck=&freeDeliveryCheck=&worldDeliveryCheck=&isSearchInSearch=&isCategoryInSearch=&isBrandInSearch=&isOneCategorySearch=&brandName=&brandItemName=&brandTitle=&lCategoryNos=&mCategoryNos=&sCategoryNos=&dCategoryNos=&pageSize=0&jobType=S&mallType=mart&bsshopId=&subType=&isPMJeanYN=&lCtgrNo=&mCtgrNo=&sCtgrNo=&dCtgrNo= -->
<html lang="ko" class=" ios iphone mobile v9_0 portrait"><head><meta http-equiv="Content-Type" content="text/html; charset=EUC-KR">
	
<script type="text/javascript" async="" src="./search_mart_prd_list_files/analytics.js"></script><script type="text/javascript" async="" src="./search_mart_prd_list_files/ec.js"></script><script async="" src="./search_mart_prd_list_files/gtm.js"></script><script async="" src="./search_mart_prd_list_files/gtm(1).js"></script><script async="" src="./search_mart_prd_list_files/analytics.js"></script><script>
var mwScript = (function() {
	var protocol = (window && window.location && window.location.protocol) ? window.location.protocol.replace(':', '') : "http";
	var isSSL = function() {
		if(protocol === "https") return true;
		else return false;
	};
	var addTouchIcon = function(rel) {
		try {
			var element = document.createElement('link');
			element.rel = rel;
			if(isSSL()) element.href = "//m.11st.co.kr/MW/img/mw11st_touchicon.png";
			else element.href = "//c.m.011st.com/MW/img/mw11st_touchicon.png";
			document.head.appendChild(element);
		} catch(e) { console.log(e); }
	};
	var addScript = function(path, encoding) {
		try {
			var element = document.createElement('script');
			if(isSSL()) element.src = "//m.11st.co.kr/MW"+path;
			else element.src = "//c.m.011st.com/MW"+path;
			if(encoding) { element.charset = encoding }
			document.head.appendChild(element);
		} catch(e) { console.log(e); }
	};
	return {
		addTouchIcon : addTouchIcon,
		addScript : addScript
	};
}());
</script>
<meta name="viewport" content="user-scalable=no, initial-scale=1.0, minimum-scale=1.0, maximum-scale=1.0, width=device-width">
<script>mwScript.addTouchIcon("apple-touch-icon-precomposed");</script><link rel="apple-touch-icon-precomposed" href="http://c.m.011st.com/MW/img/mw11st_touchicon.png">
<meta name="format-detection" content="telephone=no">
	<title>마트11번가 모바일</title>
	<link rel="stylesheet" href="./search_mart_prd_list_files/base.css">
	<link rel="stylesheet" href="./search_mart_prd_list_files/mart.css">
	<!--[if lt IE 9]><script src="//c.m.011st.com/MW/js/ui/ie.js"></script><![endif]-->
<script src="./search_mart_prd_list_files/jquery-2.1.1.min.js"></script>
<script src="./search_mart_prd_list_files/ui.js"></script>
<script src="./search_mart_prd_list_files/mwSwipe.js"></script>
<script src="./search_mart_prd_list_files/gnb_mart.js"></script>
<script src="./search_mart_prd_list_files/TMCookieUtil.js"></script>
<script>
var _MOBILE_URL_ = 'http://m.11st.co.kr/MW';
var _SSL_MOBILE_URL_ = 'https://m.11st.co.kr/MW';
var _CSS_URL_ = '//c.m.011st.com/MW';
var _IMG_URL_ = '//c.m.011st.com/MW';
var _UPLOAD_URL_ = 'http://i.011st.com';
var _JS_URL_ = '//c.m.011st.com/MW';
var _SSL_JS_URL_ = '//m.11st.co.kr/MW';
var _DS_URL_ = 'http://ds.11st.co.kr';
var _ST_URL_ = 'http://st.11st.co.kr';
var _ACES_URL_ = 'http://aces.11st.co.kr';
var _LOGIN_URL_ = 'https://m.11st.co.kr/MW/Login/login.tmall';
var _LOGOUT_URL_ = 'https://m.11st.co.kr/MW/Login/logout.tmall';
var _FRONT_URL_ = 'http://www.11st.co.kr';
var _MOBILE_COOKIE_DOMAIN_ = 'm.11st.co.kr';
mwScript.addScript('/js/lib/mDevice.js');
mwScript.addScript('/js/lib/lstore.js');
mwScript.addScript('/js/lib/device.js');
</script><script src="./search_mart_prd_list_files/mDevice.js"></script><script src="./search_mart_prd_list_files/lstore.js"></script><script src="./search_mart_prd_list_files/device.js"></script>
	<script src="./search_mart_prd_list_files/common.js"></script>
	<script src="./search_mart_prd_list_files/inc_footer.js"></script>
	<script src="./search_mart_prd_list_files/ui(1).js"></script>
	<script src="./search_mart_prd_list_files/iscroll.js"></script>
	<script src="./search_mart_prd_list_files/mart.js"></script>
	

<script type="text/javascript" language="javascript">
var popScroll = null; 
var popupdelivery = {
	open: function(id, idScroll){
		mwUI.layerPop(id);
		this.scrollOpen(idScroll);
		mwUI.jsTab(idScroll, 0, {contNo:true});
	},
	close: function(id){
		mwUI.layerPopClose(id);
		this.scrollClose();
	},
	scrollOpen:function(id){
		popScroll = new iScroll(id, {
			hScrollbar: true,
			vScrollbar: false
		});
	},
	scrollClose:function(){
		popScroll.destroy();
		popScroll = null;
	}
};

var _isSelLimitYN           = '';
var _selLimitTypCd          = '';
var _isSelMinLimitYN		= '';
var _selLimitQty            = 0;
var _selLimitPrdBuyCnt      = 0;
var _selMinLimitTypCd		= '';
var _selMinLimitQty			= 0;
var tempData = '';
var targetMartStrNo = 0;			// 변경할 마트 지점번호
var targetMartNo = 0;
var targetMartAddrSeq =0;
var checkStockInfoByOptQty = 0;

//2015-10-16 [P1508010] 마트11번가 탐색 및 구매개선
function martGoToOrder(buttonType, prdNo, ctlgStockNo, dispNm){
	if(!funcCheckIsLogin()){
		document.location.href = "https://m.11st.co.kr/MW/Login/login.tmall?returnURL=" + encodeURIComponent(encodeURIComponent(document.location.href));
		return;
	}else{
		clearValue();
		
		if( (document.location.href.indexOf('/MW/Mart/Delivery/martDeliveryMain.tmall') > 0 
				|| document.location.href.indexOf('/MW/Mart/Promotion/promotionList.tmall') > 0
				|| document.location.href.indexOf('/MW/Mart/getFastCartPrdList.tmall') > 0)
				&& (buttonType == 'insertCart' || buttonType == 'directOrder') ) {
			orderForDuplicationMartPrdNo(buttonType, prdNo, ctlgStockNo, dispNm);
		} else if(buttonType == 'catalogInsertCart' || buttonType == 'catalogDirectOrder') {
			orderForDuplicationMartPrdNo(buttonType, prdNo, ctlgStockNo, dispNm);
		} else {
			martPrdDetailInfo(prdNo, buttonType, ctlgStockNo, dispNm);
		}
	}
}

function orderForDuplicationMartPrdNo(buttonType, prdNo, ctlgStockNo, dispNm) {
	try {
		var getPrdDuplicationUrl = "/MW/Mart/Delivery/getMartDuplicationPrdNo.tmall?prdNo="+prdNo+"&by="+Date.now();
		jQuery.ajax({
			url : getPrdDuplicationUrl,
			cache : false,
			dataType : "json",
			success : function(data){
				if(data.status.code == "200"){
					if(data.newPrdNo && data.newPrdNo > 0) {
						martPrdDetailInfo(data.newPrdNo, buttonType, ctlgStockNo, dispNm);
						return;
					} else {
						console.log("중복상품번호 정보 조회 실패!! - 상품번호 미존재");
					}
				}
				martPrdDetailInfo(prdNo, buttonType, ctlgStockNo, dispNm);
			},
			error : function(data){
				martPrdDetailInfo(prdNo, buttonType, ctlgStockNo, dispNm);
				console.log("중복상품번호 정보 조회 실패!!"); 
			}
		});

	} catch(e) {
		martPrdDetailInfo(prdNo, buttonType, ctlgStockNo, dispNm);
	}

}

// 상품 정보
function martPrdDetailInfo(prdNo, buttonType, ctlgStockNo, dispNm){
	var getPrdDetailUrl = "/MW/api/app/elevenst/product/getProductDetail.tmall?prdNo="+prdNo+"&by="+Date.now();
	jQuery.ajax({
		url : getPrdDetailUrl,
		cache : false,
		dataType : "json",
		success : function(data){
			if(data.status.code == "200"){ // 성공
				if((data.appDetail.selOptCnt == "0" && data.appDetail.insOptCnt == "0") && typeof(data.appDetail.prdPromotion) == "undefined"){  // 옵션이 없을때 무조건 주문 수량 1개만 담아서 전달
					getMartPrdNoOption(data, prdNo, buttonType, ctlgStockNo, dispNm);
				}else if((data.appDetail.selOptCnt == "0" && data.appDetail.insOptCnt == "0") && (typeof(data.appDetail.prdPromotion) != "undefined" && typeof(data.appDetail.prdPromotion) != null)){
					getMartOptionInfo(data, prdNo, buttonType, ctlgStockNo, dispNm);
				}else{   //옵션 존재
					getMartOptionInfo(data, prdNo, buttonType, ctlgStockNo, dispNm);
				}
			}else if(data.status.code == "405"){
				alert("죄송합니다. 존재하지 않는 상품입니다.");
			}else if(data.status.code == "901"){
				alert("올바른 요청이 아닙니다.");
			}else{
				alert("잠시후 다시 시도 해주세요.");
			}
		},
		error : function(data){
			alert("잠시후 다시 시도 해주세요.");
			console.log("상품 정보 조회 실패!!");
		}
	});
}

//상품 옵션이 없을 경우
function getMartPrdNoOption(data, prdNo, buttonType, ctlgStockNo, dispNm){
	if(data.appDetail.martInfo.isMart == "Y"){  //지점배송 상품
		var setMartYn = 'N'; // 설정된 배송지가 없는경우
		if(typeof(data.appDetail.prdDelivery.dlvAddrList) != 'undefined' && data.appDetail.prdDelivery.dlvAddrList.length > 0){
			for(var n =0; n < data.appDetail.prdDelivery.dlvAddrList.length; n++){
				if(data.appDetail.prdDelivery.dlvAddrList[n].martAddrYn == "Y"){
					setMartYn = 'Y';
					break;
				}
			}
		}
		if(data.appDetail.prdDelivery.settedMartYn == "Y" && setMartYn == "Y"){ // 기존 배송지 설정 O
			if( typeof(data.appDetail.selStatStmt) != 'undefined' || data.appDetail.selStatCd != "103"){ //해당 지점에서 판매중이 아닌 경우,
				soldOutInfo(data, prdNo, dispNm);
			}else{ //해당 지점 및 상품에 맞는 가격 조회
				resetDirectInputCart(data, "", prdNo, buttonType, ctlgStockNo, dispNm);
			}
		}else{	// 배송지 설정 X
			makeDeliveryTemplate(data, prdNo, buttonType, ctlgStockNo, dispNm);
		}
	}else{  //일반셀러 상품
	 	directInputCart(data, "", prdNo, buttonType, ctlgStockNo, dispNm);
	}
}

function getMartStrNm(data) {
	var martNm = data.appDetail.prdDelivery.dlvHelp[0].text;
	
		if(data.appDetail.prdDelivery.dlvHelp.length > 1){
			for(var j=0; j < data.appDetail.prdDelivery.dlvHelp.length ; j++){
				if(data.appDetail.prdDelivery.dlvHelp[j].helpTitle == "배송안내"){
					martNm = data.appDetail.prdDelivery.dlvHelp[j].text;
					break;
				}
			}
		}
	

	return martNm;
}

function soldOutInfo(data, prdNo, dispNm){
	var martNm = getMartStrNm(data);
	var content = 	'<div class="p_mart_note">';
	content += 			'<p>'+martNm+'에서는 미판매 또는 재고부족 등의 사유로  구매하실 수 없습니다</p>';
	content += 			'<p class="pt">고객님의 양해 부탁 드립니다.</p>';
	content += 		'</div>';
	content += 		'<div class="btn_w">';
	content += 			'<button type="button" class="bbtn frd" onclick="mwUI.layerPopClose(\'popCart04\')">확인</button>';
	content += 		'</div>';

	jQuery("#popCart04").html(content);
	mwUI.layerPop('popCart04');
}

function resetDirectInputCart(data, dataOpt, prdNo, buttonType, ctlgStockNo, dispNm){
	tempData = data;
	var martNm = "";
	if(data.appDetail.martInfo.martNo == "6" || data.appDetail.martInfo.martNo == "5"){
		martNm = "홈플러스";
	}else if(data.appDetail.martInfo.martNo == "3"){
		martNm = "GS슈퍼";
	}
	
	var martStrTitle = getMartStrNm(data);
	var content = 		'<div class="p_mart_note">';
	content += 			'<p>'+martStrTitle+'에서 배송되며 가격은 <span class="w">'+getCommaValue(data.appDetail.prdPrice.finalDscPrc)+'원</span> 입니다.</p>';
	if(buttonType == "catalogDirectOrder" || buttonType=="directOrder"){
		content += 			'<p class="pt">지금 구매하시겠습니까?</p>';
	}else{
		content += 			'<p class="pt">장바구니에 담으시겠습니까?</p>';
	}
	content += 			'<p>('+martNm+' 상품은 대표지점 가격과 고객님 배송가능지점의 가격이 다를 수 있습니다.) </p>';
	content += 		'</div>';
	content += 		'<div class="btn_w">';
	content += 			'<div><button type="button" class="bbtn" onclick="mwUI.layerPopClose(\'popCart02\');">취소</button></div>';
	content += 			'<div><button type="button" class="bbtn frd" onclick="directInputCart(\''+data+'\', \''+dataOpt +'\', \''+prdNo+'\', \''+ buttonType+'\', \''+ctlgStockNo+'\', \''+dispNm+'\');mwUI.layerPopClose(\'popCart02\');">확인</button></div>';
	content += 		'</div>';

	jQuery("#popCart02").html(content);
	mwUI.layerPop('popCart02');
}

//상품 옵션 조회
function getMartOptionInfo(data, prdNo, buttonType, ctlgStockNo, dispNm){
	if(data.appDetail.martInfo.isMart == 'Y'){
		var setMartYn = 'N'; // 설정된 배송지가 없는경우
		if(typeof(data.appDetail.prdDelivery.dlvAddrList) != 'undefined' && data.appDetail.prdDelivery.dlvAddrList.length > 0){
			for(var n =0; n < data.appDetail.prdDelivery.dlvAddrList.length; n++){
				if(data.appDetail.prdDelivery.dlvAddrList[n].martAddrYn == "Y"){
					setMartYn = 'Y';
					break;
				}
			}
		}
		if(data.appDetail.prdDelivery.settedMartYn == "Y" && setMartYn == "Y"){ // 기존 배송지 설정 O
		}else{
			makeDeliveryTemplate(data, prdNo, buttonType, ctlgStockNo, dispNm);
			return;
		}
	}
	var getPrdOptionUrl = "/MW/api/app/elevenst/product/getProductOptionInfo.tmall?prdNo="+prdNo+"&by="+Date.now();
	jQuery.ajax({
		url : getPrdOptionUrl,
		cache : false,
		dataType : "json",
		success : function(dataOpt){
			if(dataOpt.status.code == "200" || dataOpt.status.code == "785"){ // 성공 or 옵션이 없는 상품
				if(buttonType == "catalogInsertCart" || buttonType == "catalogDirectOrder"){
					directInputCart(data, dataOpt, prdNo, buttonType, ctlgStockNo, dispNm);
				}else{
					makeMartOptionTemplate(data, dataOpt, buttonType, prdNo, ctlgStockNo, dispNm);
				}

			}else if(data.status.code == "405"){
				alert("죄송합니다. 존재하지 않는 상품입니다.");
			}else if(data.status.code == "901"){
				alert("올바른 요청이 아닙니다.");
			}else{
				alert("잠시후 다시 시도 해주세요.");
			}
		},
		error : function(data){
			alert("잠시후 다시 시도 해주세요.");
			console.log("옵션 조회 실패!!");
		}
	});
}

//무조건 1개 선택, 옵션이 없을 경우 or 카달로그 맵핑된 상품
function directInputCart(data, dataOpt, prdNo, buttonType, ctlgStockNo, dispNm){
	if(typeof(data.appDetail) == 'undefined'){
		data = tempData;
	}
	var gubun = ":=:";
	var optGubunFir = "!=!";
	var optGugunSec = "_ @=@";
	var optQtyString = "1"+gubun;
	var insOptCnt = data.appDetail.insOptCnt; // select 옵션 개수 (옵션이 없을때는 0)
	var selOptCnt =  data.appDetail.selOptCnt; // select 옵션 개수 (옵션이 없을때는 0)
	var iscpn = "N";
	var optPrcString = "";
	var optPrc = 0;
	var optNo = Number(insOptCnt+selOptCnt);
	var dtlOptNm = dispNm;
	var optString = "";
	var params = "";
	var optionPrc = data.appDetail.totPrdPrc;
	var optionStockHid  = data.appDetail.totStock;
	var optionStock  = "1";
	var optionStckNo  = data.appDetail.totPrdStckNo;
	var incommingCode  = "01"; // 01 상품상세
	var isMart = data.appDetail.martInfo.isMart;
	if(isMart == "Y"){
		incommingCode  = "06"; // 06 마트상품
	}
	var strNo  = data.appDetail.martInfo.strNo;
	var mailNo  = data.appDetail.martInfo.mailNo;
	var mailNoSeq  = data.appDetail.martInfo.mailNoSeq;
	var optArr = "";
	var optNmList = "";
	var mixOptNm = "";
	var mixOptNo = "";
	if(dataOpt !="" && dataOpt.status.code !="785"){
		if(dataOpt.optList.length > 0){
			var optItemList = dataOpt.optList[0].optItemList;
			for(var i = 0; i < optItemList.length; i++){
				var optData = dataOpt.optList[0].optItemList[i];
				if(optData.stckNo == ctlgStockNo){
					optPrc = Number(data.appDetail.prdPrice.finalDscPrc)+Number(optData.addPrc);
					optPrcString = optPrc+gubun;
					optArr = optData.optNo;
					optNo = optArr.substr(2);
					optString = "0_1"+optGubunFir+optNo+optGugunSec;
					optionPrc = optData.addPrc;
					optionStockHid  = optData.stckQty;
					optionStckNo = optData.stckNo;
					optNmList = dataOpt.optList[0].optItemNm;
					mixOptNm = dtlOptNm;
					mixOptNo = optData.optNo;
				}
			}
		}
	}else{
		optPrc = Number(data.appDetail.prdPrice.finalDscPrc);
		optPrcString = optPrc+gubun;
	}

	// 재고 확인
	var tmpStock = "";
	if(dataOpt != ""){
		if(dataOpt.status.code == "785"){
			if (data.appDetail.totStock == "" || data.appDetail.totStock == "0") {
				alert("재고가 없는 상품입니다.");
				return false;
			}

			tmpStock = Number(data.appDetail.totStock);
			// 재고수량 비교
			if (1 > tmpStock) {
				alert("재고수량이 부족 합니다.");
				return false;
			}
		}else if(dataOpt.status.code == "200"){
			var selOptTyp = dataOpt.optList[0].optClfCd;
			var cnt = 1;
			checkStockInfoByOptNos(prdNo, mixOptNo, selOptCnt, selOptTyp, optNmList, mixOptNm, cnt);
			if(checkStockInfoByOptQty == 0){
				return false;
			}
		}
	}else{
		if (data.appDetail.totStock == "" || data.appDetail.totStock == "0") {
			alert("재고가 없는 상품입니다.");
			return false;
		}

		tmpStock = Number(data.appDetail.totStock);
		// 재고수량 비교
		if (1 > tmpStock) {
			alert("재고수량이 부족 합니다.");
			return false;
		}
	}

	var catalogNo =  (document.getElementById("catalogNo") ? document.getElementById("catalogNo").value : "");
	var martPrdInputCartUrl = "/MW/api/app/elevenst/product/insertBasketJSON.tmall?prdNo="+prdNo+"&catalog_no="+ catalogNo +"&lowest_yn="+(document.getElementById("lowestYn_"+prdNo) ? document.getElementById("lowestYn_"+prdNo).value : "")+"&by="+Date.now();
	var martPrdCheckBuyUrl = "/MW/api/app/elevenst/product/checkBuyJSON.tmall?prdNo="+prdNo+"&catalog_no="+ catalogNo +"&lowest_yn="+(document.getElementById("lowestYn_"+prdNo) ? document.getElementById("lowestYn_"+prdNo).value : "")+"&by="+Date.now();

	if(buttonType == "catalogDirectOrder" || buttonType == "directOrder" ){
		if(optString !=""){
			martPrdCheckBuyUrl = martPrdCheckBuyUrl+"&optString="+optString;
		}
		params ="&optQtyString="+optQtyString+"&optPrcString="+optPrcString+"&insOptCnt="+insOptCnt+"&selOptCnt="+selOptCnt+"&iscpn="+iscpn;
		params += "&incommingCode="+incommingCode+"&optionPrc="+optionPrc+"&optionStockHid="+optionStockHid+"&optionStock="+optionStock+"&optionStckNo="+optionStckNo+"&optArr="+optArr;
		params += "&dispCtgrNo="+data.appDetail.dispCtgrNo+"&lDispCtgrNo="+data.appDetail.lDispCtgrNo+"&isMart="+isMart+"&strNo="+strNo+"&mailNo="+mailNo+"&mailNoSeq="+mailNoSeq+"&prdDlvCstStlTyp=01";
		params += "&catalog_no="+ catalogNo +"&lowest_yn="+(document.getElementById("lowestYn_"+prdNo) ? document.getElementById("lowestYn_"+prdNo).value : "");
		martDirectOrderCheckAjax(martPrdCheckBuyUrl, prdNo, params);
	}else{
		if(optString !=""){
			martPrdInputCartUrl = martPrdInputCartUrl+"&optString="+optString;
		}
		params ="&optQtyString="+optQtyString+"&optPrcString="+optPrcString+"&insOptCnt="+insOptCnt+"&selOptCnt="+selOptCnt+"&iscpn="+iscpn;
		params += "&dispCtgrNo="+data.appDetail.dispCtgrNo+"&lDispCtgrNo="+data.appDetail.lDispCtgrNo;
		inputCartAjax(martPrdInputCartUrl, params, dtlOptNm);
	}


}

//장바구니 담기
function inputCartAjax(martPrdInputCartUrl, params, dtlOptNm){
	martPrdInputCartUrl = martPrdInputCartUrl+params;
	jQuery.ajax({
		url : martPrdInputCartUrl,
		cache : false,
		type: "post",
		dataType : "json",
		success : function(dataResult){
			if(dataResult.status.code == "200"){ // 성공
				if(false){
					callAppScheme("app://showAnimation/addBasket");
				}else{
					inputCartAlert(dtlOptNm);
				}

			}else if(dataResult.status.code != "200" && dataResult.status.message !=""){
				alert(dataResult.status.message);
			}else{
				alert("잠시후 다시 시도 해주세요.");
			}
		},
		error : function(data){
			alert("잠시후 다시 시도 또는 상품 상세에서 시도 해주세요.");
			console.log("장바구니 담기 실패!!");
		}
	});
}

//구매하기
function martDirectOrderCheckAjax(martPrdCheckBuyUrl, prdNo, params){
	var goOrder = "/Order/orderBasicFirstStep.tmall?prdNo="+prdNo;
	martPrdCheckBuyUrl = martPrdCheckBuyUrl+params;
	jQuery.ajax({
		url : martPrdCheckBuyUrl,
		cache : false,
		type: "post",
		dataType : "json",
		success : function(data){
			if(data.status.code == "200"){ // 성공
				location.href = "https://buy.m.11st.co.kr/MW"+goOrder+params+"&by="+Date.now();
			}else if(data.status.code == "784"){
				alert(data.status.d_message + "상품상세를 확인 후 구매진행해주세요.");
				location.href ="http://m.11st.co.kr/MW/Product/productBasicInfo.tmall?prdNo="+prdNo;
			}else{
				alert("잠시후 다시 시도 해주세요.");
			}
		},
		error : function(data){
			alert("잠시후 다시 시도 해주세요.");
			console.log("상품 정보 조회 실패!!");
		}
	});

}

//장바구니 담은 후, alert
function inputCartAlert(prdNm){
	var content = 		'<div class="p_mart_note">';
	content += 			'<p>상품이 장바구니에 담겼습니다.</p>';
	content += 			'<p class="pt">장바구니로 이동 하시겠습니까?</p>';
	content += 		'</div>';
	content += 		'<div class="btn_w">';
	content += 			'<div><button type="button" class="bbtn" onclick="mwUI.layerPopClose(\'popCart01\');">취소</button></div>';
	content += 			'<div><button type="button" class="bbtn frd" onclick="goCart(\'popCart01\');">확인</button></div>';
	content += 		'</div>';

	jQuery("#popCart01").html(content);
	mwUI.layerPop('popCart01');
}

//장바구니로 이동
function goCart(divName){
	document.location.href = "http://buy.m.11st.co.kr/MW/Cart/cartList.tmall";
	mwUI.layerPopClose(divName);
}

//배송지 설정
function makeDeliveryTemplate(data, prdNo, buttonType, ctlgStockNo, dispNm){
	var prdDelivery = data.appDetail.prdDelivery;
	var martInfo = data.appDetail.martInfo;
	var martNm = "";
	if(data.appDetail.martInfo.martNo == "6" || data.appDetail.martInfo.martNo == "5"){
		martNm = "홈플러스";
	}else if(data.appDetail.martInfo.martNo == "3"){
		martNm = "GS슈퍼";
	}
	var content ='';
	content += 		'<h1>배송지 설정</h1>';
	content += 			'<div class="p_mart_dly">';
	content += 				'<p class="noti">';
	content += 					'선택하신 상품은 '+martNm+' 상품입니다.<br/>배송받으실 주소를 설정하신 후 서비스 이용이 가능합니다.<br/>'+martNm+' 상품은 설정된 지점에 따라 재고 및 가격이 다를 수 있습니다.';
	content += 				'</p>';
	content += 				'<div class="addr_slct">';
	content += 					'<h2 class="tit_dly">배송지 선택</h2>';
	content += 					'<div class="addr_list" id="addrList">';
	content += 						'<ul>';
	if(typeof(prdDelivery.dlvAddrList) != 'undefined'  && prdDelivery.dlvAddrList.length >0 ){
		if(prdDelivery.dlvAddrList != null && prdDelivery.dlvAddrList.length >0 ){
			for(var i=0; i < prdDelivery.dlvAddrList.length ; i++){
				var dlvAddrList = prdDelivery.dlvAddrList[i];
				if(i == 0){
					content += 							'<li class="on" name="martDlvList_'+i+'">';
				}else{
					content += 							'<li name="martDlvList_'+i+'">';
				}
				content += 								'<a href="#" onclick="searchMartStoreListWithAddr(\''+martInfo.martNo+'\',\''+dlvAddrList.addrSeq+'\',\'N\',\''+i+'\');">';
				content += 									'<span class="name"><b>'+dlvAddrList.addrNm+'</b>'+dlvAddrList.rcvNm+'</span>';
				content += 									'<span class="addr">'+dlvAddrList.baseAddr+ dlvAddrList.dtlsAddr+'</span>';
				content += 								'</a>';
				content += 							'</li>';
			}
		}
	}else{
		content += 							'<li>';
		content += 								'<a href="#">';
		content += 									'<span class="name">배송지 설정 후 주문이 가능합니다.</span>';
		content += 									'<span class="addr"></span>';
		content += 								'</a>';
		content += 							'</li>';
	}

	content += 						'</ul>';
	content += 					'</div>';
	content += 					'<a href="javascript:insertMartAddress();" class="sbtn btn_add">배송지 추가</a>';
	content += 				'</div>';
	content += 				'<div class="addr_set" id="martDlvInfoMany" style="display:none">';
	content += 					'<h2 class="tit_dly">배송지 선택</h2>';
	content += 					'<ul>';
	content += 						'<li class="on"><a href="javascript:selectMartDlv(this.value);">홈플러스 <b>금천점</b>에서 배송됩니다.</a></li>';
	content += 						'<li><a href="javascript:selectMartDlv(this.value);">홈플러스 <b>금천금천금천금천금천금천점</b>에서 배송됩니다.</a></li>';
	content += 					'</ul>';
	content += 				'</div>';
	content += 				'<div class="addr_set" id="martDlvInfoOne" style="display:none">';
	content += 					'<h2 class="tit_dly">배송지 선택</h2>';
	content += 					'<ul>';
	content += 						'<li class="on">홈플러스 <b>금천점</b>에서 배송됩니다.</a></li>';
	content += 					'</ul>';
	content += 				'</div>';
	content += 			'</div>';
	content += 			'<div class="btn_w">';
	content += 				'<button type="button" class="bbtn frd" onclick="changeMartStrNo();">확인</button>';
	content += 			'</div>';
	content += 			'<button type="button" class="close" onclick="popupdelivery.close(\'popDelivery\');">팝업닫기</button>';

	jQuery("#popDelivery").html(content);
	if(typeof(prdDelivery.dlvAddrList) != 'undefined'  && prdDelivery.dlvAddrList.length >0){
		searchMartStoreListWithAddr(martInfo.martNo,prdDelivery.dlvAddrList[0].addrSeq,'N',0);
	}
	popupdelivery.open('popDelivery','addrList');
}


//배송가능 지점목록 조회
var searchMartStoreListWithAddr = function(martNo, addrSeq, multiMartYn, i) {
	targetMartNo = martNo;
	targetMartAddrSeq = addrSeq;
	var url	= "/MW/Product/Detail/martDeliveryStoreSearchAjax.tmall";
	try {
		$.ajax({
			type: "post"
			,async: false
			,url: url
			,cache: false
			,dataType : 'json'
			,data : {martNo:martNo ,addrSeq:addrSeq, multiMartYn:multiMartYn}
			,success: function(jsonData) {
				if(jsonData.resultCode != "SUCCESS") {
					alert(jsonData.resultMsg);
					return;
				} else {
					var liId="martDlvList_"+i;
					jQuery("li[name]").removeClass();
					jQuery("li[name="+liId+"]").addClass("on");
					displayMartStoreInfo(jsonData);
				}
			}
			,error: function(e) {}
		});
	} catch (err) { }
};


//배송가능 지점목록 화면 표시
function displayMartStoreInfo(json) {
	var mdaList = json.mdaList;
	var strInfoDiv = document.getElementById("martDlvInfoOne");
	var strInfoDivChange = document.getElementById("martDlvInfoChange");
	var storeChangePossibleYn = false;

	if(mdaList != null && typeof mdaList != "undefined") {
		if(mdaList.length == 1) {
			var strNm = mdaList[0].strNm;
			if(strNm != null && typeof strNm != "undefined" && strNm.length > 0) {
				storeChangePossibleYn = true;
			}
		} else if(mdaList.length > 1) {
			storeChangePossibleYn = true;
			strInfoDiv = document.getElementById("martDlvInfoMany");
		}
	}

	if(!storeChangePossibleYn) {
		targetMartStrNo = 0;
		strInfoDiv.style.display = "none";
		strInfoDiv.innerHTML = "<p>해당 배송지 주소로 이용 가능한 지점이 없습니다. 배송지를 변경하여 주세요.</p>";
		strInfoDiv.style.display = "block";
		return false;
	}
	if(mdaList.length == 1) {
		document.getElementById("martDlvInfoMany").style.display = "none";
		targetMartStrNo = mdaList[0].strNo;
		strInfoDiv.innerHTML = "<h2 class=\"tit_dly\">배송지 선택</h2>";
		strInfoDiv.innerHTML += "<ul><li class=\"on\" id=\"madList_0\">" + mdaList[0].martNm + " <b>" + mdaList[0].strNm + "</b>에서 배송됩니다.</li>";
		strInfoDiv.innerHTML += "<input type='hidden' value='"+mdaList[0].strNo+"' id='mdaList_0' /></ul>";
	} else {
		document.getElementById("martDlvInfoOne").style.display = "none";
		var martStrNoObj = document.getElementById("martDlvInfoMany");
		var inner = "";
		inner += "<h2 class=\"tit_dly\">배송지 선택</h2><ul>";
		for(var a = 0; a < mdaList.length; a++) {
			if(a == 0){
				inner += "<li class='on' page='mdaList_"+a+"'><a href=\"javascript:selectMartDlv(\'"+mdaList[a].addrSeq+"\', \'"+a+"\',\'"+mdaList[a].strNo+"\');\">" + mdaList[a].martNm + " <b>" + mdaList[a].strNm + "</b>에서 배송됩니다.</a></li>";
			}else{
				inner += "<li page='mdaList_"+a+"'><a href=\"javascript:selectMartDlv(\'"+mdaList[a].addrSeq+"\', \'"+a+"\',\'"+mdaList[a].strNo+"\');\">" + mdaList[a].martNm + " <b>" + mdaList[a].strNm + "</b>에서 배송됩니다.</a></li>";
			}
		}
		inner += "</ul>";
		martStrNoObj.innerHTML = inner;
	}
	targetMartStrNo = mdaList[0].strNo;	// 첫번째 지점을 기본 배송 지점으로 임시 설정
	targetMartAddrSeq = mdaList[0].addrSeq;
	strInfoDiv.style.display = "block";
}

function selectMartDlv(addrSeq, a, strNo){
	targetMartStrNo =  strNo;
	targetMartAddrSeq = addrSeq;
	var liId = "mdaList_"+a;
	jQuery("li[page]").removeClass();
	jQuery("li[page="+liId+"]").addClass("on");


}


// 마트 배송지점 변경 처리
function changeMartStrNo() {
	if( "0" ==targetMartStrNo){
		alert("해당 배송지 주소로 이용 가능한 지점이 없습니다. 배송지를 다시 변경하여 주세요. ");
		return;
	}
	var addrSeq		= targetMartAddrSeq;
	var martNo		= targetMartNo;
	var strNo		= targetMartStrNo;

	var url			= "/MW/Product/Detail/setMartDeliveryStoreAjax.tmall";
	try {
		$.ajax({
			type: "post"
			,async: false
			,url: url
			,cache: false
			,dataType : 'json'
			,data : {martNo:martNo, strNo:strNo, addrSeq:addrSeq}
			,success: function(jsonData) {
				if(jsonData.resultCode != "SUCCESS") {
					alert(jsonData.resultMsg);
					popupdelivery.close('popDelivery');
					return;
				} else {
					alert(jsonData.resultMsg);
					document.location.href = document.location.href;
				}
			}
			,error: function(e) {}
		});
	} catch (err) { }
}



//옵션
var optNms = "";
var selOptIdx = 0;
var selOptSchIdx = 0;
var entOptIdx = 0;
var optSchInsertIdx = 0;
var chngFuncNm = "_fnOptGetSubOpt";
var tempFlag = false;
var dailyUseFlag = false;
var _selOptTypCd = '';
if (typeof(_selOptCnt) =='undefined'){
	var _selOptCnt  = '';
}
if (typeof(_entOptCnt) =='undefined'){
	var _entOptCnt  = '';
}
var _ctlgStockNo = 0;
var isFirstOpenOptLayer = false;

var _PRDNO = '';
var _optDataIdx = '';
var _optTextIdx = '';
var _optCnt  = '';
var _selOptTyp = '';
var _optTypCd = '';
var _setMultiOptionIndex	= 0;

window.addEventListener('DOMContentLoaded', function() {
	if(_ctlgStockNo != null && _ctlgStockNo != 0){
		initOptLayer();
		jQuery(".box ul" ,"#selectOption").find("a").each(function(){
			if(_ctlgStockNo == jQuery(this).attr("data-stockno")){
				jQuery(jQuery(this)).trigger("click");
			}
		});
	}
});

var makeMartOptionTemplate = function(data, dataOpt, buttonType, prdNo, ctlgStockNo, dispNm){
	var tempInputOptArr = [];
	var prdDetail = data.appDetail;
	if(_selOptCnt == ''){
		_selOptCnt  = prdDetail.selOptCnt;
	}
	if(_entOptCnt == ''){
		_entOptCnt  = prdDetail.insOptCnt;
	}
	_ctlgStockNo  =  ctlgStockNo;
	_PRDNO = prdNo;
	_optDataIdx =  prdDetail.selOptCnt;
	_optTextIdx = prdDetail.insOptCnt;
	_optCnt  =  typeof(dataOpt.optList) != 'undefined' ? dataOpt.optList.length : '';
	_selOptTyp = '';
	_optTypCd = '';

	var tempOptClfCd = '';
	var content ='';
	content += createFrm(data, prdNo);
	content += '<h1>상세 옵션 선택 </h1>';
	content += '<div class="p_mart_opt">';
	if(typeof(prdDetail.prdPromotion) != "undefined"){
		content += 		'<div class="" style="display:none">';
		if(prdDetail.martInfo.martPrmtCd != "" && prdDetail.martInfo.martPrmtCd == "01"){
			content +=			'<label for="plus01">덤</label>';
		}else if(prdDetail.martInfo.martPrmtCd != "" && prdDetail.martInfo.martPrmtCd == "02"){
			content +=			'<label for="plus02">추가증정</label>';
		}else if(prdDetail.martInfo.martPrmtCd != "" && prdDetail.martInfo.martPrmtCd == "03") {
			content +=			'<label for="plus03">1+1</label>';
		}
		content +=			'<select id="optionSelect_dum" name="martPrmtSeq" >';
		for(var i=0; i < prdDetail.prdPromotion.promotionLayer.length; i++){
			var promotionList = prdDetail.prdPromotion.promotionLayer[i];
			content +=				'<option value=\"'+promotionList.martPrmtSeq+'\">'+ promotionList.martPrmtNm +'</option>';
		}
		content +=			'</select>';
		content +=		'</div>';
		
		content += 		'<dl class="opt_plus">';
		content += 			'<dt>행사정보</dt>';
		content += 			'<dd>';
		if(prdDetail.martInfo.martPrmtCd != "" && prdDetail.martInfo.martPrmtCd == "01"){
			content +=			'<b>[덤]</b>';
		}else if(prdDetail.martInfo.martPrmtCd != "" && prdDetail.martInfo.martPrmtCd == "02"){
			content +=			'<b>['+ prdDetail.prdPromotion.label +']</b>';
		}else if(prdDetail.martInfo.martPrmtCd != "") {
			content +=			'<b>['+ prdDetail.prdPromotion.label +']</b>';
		}
		content += prdDetail.prdPromotion.text;
		content += 			'</dd>';
		content +=		'</dl>';
	}

	if(prdDetail.selOptCnt == 0 ){
		// 옵션이 없을때
		content +=		'<div class="opt_num">';
		content += 			'<input type="hidden" name="optNmList" id="optNmList" value="" />';
		content +=			'<label for="qty"><span>수량</span></label>';
		content +=			'<div class="num_set">';
		content +=				'<input type="hidden" name="optionStckNo" id="optionStckNo0" value="'+prdDetail.totPrdStckNo+'" />';
		content +=				'<input type="hidden" name="optionPrc" id="optionPrc0" value="'+prdDetail.totPrdPrc+'" />';
		content +=				'<input type="hidden" name="optionStockHid" id="optionStockHid0" value="'+prdDetail.totStock+'" />';
		content +=				'<input type="hidden" name="optionNm" id="optionNm0" value="'+prdDetail.prdNm+'" />';
		content +=				'<input type="hidden" name="cupnIssNo1" id="cupnIssNo10" value="0" />';
		content +=				'<input type="hidden" name="addDscAmt" id="addDscAmt0" value="0" />';
		content +=				'<input type="hidden" name="cupnIssNo2" id="cupnIssNo20" value="0" />';
		content +=				'<input type="hidden" name="bonusDscAmt" id="bonusDscAmt0" value="0" />';
		content +=				'<input type="tel" name="optionStock" id="optionStock0" value="1" maxlength="3" onkeyup="_fnOptUpDownStockCnt(0, \'OPT\', 0,\'Y\')" onblur="_fnOptUpDownStockCnt(0, \'OPT\', 0,\'N\')" onKeypress="if (event.keyCode == 13){ return false;}" onclick="_setNumFocus(this)" />';
		content +=				'<button type="button" class="qty_minus" onclick="_fnOptUpDownStockCnt(0, \'OPT\', -1,\'N\')">-1</button>';
		content +=				'<button type="button" class="qty_plus" onclick="_fnOptUpDownStockCnt(0, \'OPT\', 1,\'N\')">+1</button>';
		if(typeof(prdDetail.selLimitQty) != "undefined" || typeof(prdDetail.selMinLimitQty) != "undefined" ){
			content +=			'<span class="num_max">(';
			if(typeof(prdDetail.selLimitQty) != "undefined" && prdDetail.selLimitQty != ""){
				_isSelLimitYN = 'Y';
				_selLimitQty =  prdDetail.selLimitQty;
				content += prdDetail.selLimitStr+'최대구매수량 : '+ prdDetail.selLimitQty+'개';
			}
			if(typeof(prdDetail.selLimitQty) != "undefined" && prdDetail.selLimitQty != "" && typeof(prdDetail.selMinLimitQty) != "undefined" && prdDetail.selMinLimitQty != "" ){
				content +=			'/';
			}
			if(typeof(prdDetail.selMinLimitQty) != "undefined" && prdDetail.selMinLimitQty != ""){
				 _isSelMinLimitYN = 'Y';
				 _selMinLimitQty =  prdDetail.selMinLimitQty;
				content +=			'최소구매수량  : '+ prdDetail.selMinLimitQty+'개';
			}
			content +=			')</span>';
		}
		content +=			'</div>';
		content +=		'</div>';
	}


	if(dataOpt.status.code != '785'){
		if(prdDetail.selOptCnt > 0 || prdDetail.insOptCnt > 0 ){
			optNms = "";
		}
		_selOptTypCd = '';
		var isDateType = 'N';
		// 옵션이 있을때
		content +=		'<div class="opt">';
		content +=			'<h2>옵션</h2>';
		content +=			'<ul id ="ul_productOpt">';
		selOptIdx = 0;
		selOptSchIdx = 0;
		entOptIdx = 0;
		optSchInsertIdx = 0;
		chngFuncNm = "_fnOptGetSubOpt";
		tempFlag = false;
		dailyUseFlag = false;
		content +=				'<li class="opt_slt" id="opt_selectList">';
		content += 					'<button type="button" class="slt_btn" onclick="mwUI.viewToggle(\'selectOption\',this,\'on\') ; initOptLayer();">옵션을 선택해 주세요.<span></span></button>';
		content +=					'<div class="slt_wrp" id="selectOption">';
		for(var j=0; j <dataOpt.optList.length; j++){
			var prdOpt = dataOpt.optList[j];
			if(prdOpt.optClfCd !=  "03" ){
				var gubun = (tempFlag) ? "," : "";
				optNms = optNms + gubun + prdOpt.optItemNm;
				tempFlag = true;
			}

			if(prdOpt.optClfCd == "01"){ // 선택형 옵션
				if(prdDetail.selOptCnt == "1" || prdDetail.selOptCnt == (selOptIdx+1)){
					chngFuncNm = "_fnOptGetStock";
				}
				content +=					'<div class="slt_op"> ';
				content +=						'<div class="name"><a href="#optSelect'+selOptIdx+'" onclick="optionLayerToggle(\'optSelect'+selOptIdx+'\');return false;"><b>'+prdOpt.optItemNm+'</b>:&nbsp<span id="optSelectedNm'+selOptIdx+'" ></span></a></div>';

					content +=						'<div class="box" id="optSelect'+selOptIdx+'"  data-funcName ="'+chngFuncNm+'" data-arg="'+selOptIdx+'">';
					content +=							'<ul id="optList'+(selOptIdx++)+'">';
						if(prdDetail.selOptCnt > 0 &&(prdDetail.selOptCnt == 1 || (prdDetail.selOptCnt == 1 || prdDetail.selOptCnt >= selOptIdx)) ){
							if(typeof(prdOpt.optItemList) != 'undefined'){
								for(var k=0; k<prdOpt.optItemList.length; k++){
									var optItemList = prdOpt.optItemList[k];
									content +=							'<li><a href="#" data-optnm="'+optItemList.dtlOptNm+'" data-stockno="'+optItemList.stckNo+'" data-opt_value="'+optItemList.optNo+'"> '+optItemList.dtlOptNm;
									if(optItemList.addPrc != "0"){
										content +=							'('+getCommaValue(optItemList.addPrc)+'원)';
									}
									content +=		'</a></li>';
								}
							}
						}else{
							content +=							'';
						}
					content +=							'</ul>';
					content +=						'</div>';
				content +=					'</div>';
			}else if(prdOpt.optClfCd == "02"){  //독립형 옵션
				chngFuncNm = "_fnOptGetStock2";
				content +=					'<div class="slt_op"> ';
				content +=						'<div class="name"><a href="#optSelect'+selOptIdx+'" onclick="optionLayerToggle(\'optSelect'+selOptIdx+'\');return false;"><b>'+prdOpt.optItemNm+'</b>:&nbsp<span id="optSelectedNm'+selOptIdx+'" ></span></a></div>';

					content +=						'<div class="box" id="optSelect'+selOptIdx+'"  data-funcName ="'+chngFuncNm+'" data-arg="'+selOptIdx+'">';
					content +=							'<ul id="optList'+(selOptIdx++)+'">';
						if(prdDetail.selOptCnt > 0 &&(prdDetail.selOptCnt == 1 || (prdDetail.selOptCnt == 1 || prdDetail.selOptCnt >= selOptIdx)) ){
							if(typeof(prdOpt.optItemList) != 'undefined'){
								for(var k=0; k<prdOpt.optItemList.length; k++){
									var optItemList = prdOpt.optItemList[k];
									content +=							'<li><a href="#" data-optnm="'+optItemList.dtlOptNm+'" data-stockno="'+optItemList.stckNo+'" data-opt_value="'+optItemList.optNo+'"> '+optItemList.dtlOptNm;
									if(optItemList.addPrc != "0"){
										content +=							'('+getCommaValue(optItemList.addPrc)+'원)';
									}
									content +=		'</a></li>';
								}
							}
						}else{
							content +=							'';
						}
					content +=							'</ul>';
					content +=						'</div>';
				content +=					'</div>';
				_selOptTypCd = '02';
			}else {
				if(prdDetail.selOptCnt <=0){
					chngFuncNm = "_fnOptGetStock2";
				}

				var tempInputOpt = {"entOptIdx" : entOptIdx, "optItemNm" :prdOpt.optItemNm,  "optItemNo" : prdOpt.optItemNo, "selOptCnt" : prdDetail.selOptCnt};
				tempInputOptArr.push(tempInputOpt);
				//content += createInputOpt(entOptIdx , prdOpt.optItemNm,  prdOpt.optItemNo, prdDetail.selOptCnt);

				entOptIdx++;
				optSchInsertIdx++;
			}

		} //end for(var j=0; j <prdOpt.optList.length; j++)
		content +=					'<div class="load_op" id="opt_loading" style="display:none"><p>선택정보를 로딩중입니다.</p></div>';
		content +=			'</li>';
		content +=		'</ul>';
		if(typeof(prdDetail.selLimitQty) != "undefined" || typeof(prdDetail.selMinLimitQty) != "undefined" ){
			content +=			'<span class="num_max">(';
			if(typeof(prdDetail.selLimitQty) != "undefined" && prdDetail.selLimitQty != ""){
				_isSelLimitYN = 'Y';
				_selLimitQty =  prdDetail.selLimitQty;
				content += prdDetail.selLimitStr+'최대구매수량 : '+ prdDetail.selLimitQty+'개';
			}
			if(typeof(prdDetail.selLimitQty) != "undefined" && prdDetail.selLimitQty != "" && typeof(prdDetail.selMinLimitQty) != "undefined" && prdDetail.selMinLimitQty != "" ){
				content +=			'/';
			}
			if(typeof(prdDetail.selMinLimitQty) != "undefined" && prdDetail.selMinLimitQty != ""){
				 _isSelMinLimitYN = 'Y';
				 _selMinLimitQty =  prdDetail.selMinLimitQty;
				content +=			'최소구매수량  : '+ prdDetail.selMinLimitQty+'개';
			}
			content +=			')</span>';
		}
		content +=		'<input type="hidden" name="optNmList" id="optNmList" value="'+optNms+'" />';
		content +=				'</div>';
		}

		content +=			'<div class="opt_set" id="divSelectedOptPrdWrap" style="display: none;">';
		content +=				'<ul id="divSelectedOptPrd"></ul>';
		content +=				'<ul id="divSelectedAddPrd"></ul>';
		content +=			'</div>';
		content +=			'<div class="sum_set" id="totalAmountText">';
		content +=			'<em><span id="mwDev_totalCnt" style="display:none;">0개</span>총 합계금액</em>';
		//if(prdOpt.optClfCd == "03"){
			content +=			'<strong id="totalPrc"><span>'+getCommaValue(prdDetail.prdPrice.finalDscPrc)+'</span>원</strong>';
		//}else{
		//	content +=			'<strong id="totalPrc"><span>0</span>원</strong>';
		//}
		content +=			'</div>';
		content +=		'</div>';



	content +=		'<div class="btn_w">';
	content +=			'<div><button type="button" class="bbtn gb" onclick="martDirectGoToOrder(\'inputCart\');return false; mwUI.layerPopClose(\'popOpt\');">장바구니</button></div>';
	content +=			'<div><button type="button" class="bbtn rd" onclick="martDirectGoToOrder(\'directOrder\');return false; mwUI.layerPopClose(\'popOpt\');">구매하기</button></div>';
	content +=		'</div>';
	content +=		'<button type="button" class="close" onclick="mwUI.layerPopClose(\'popOpt\')">팝업닫기</button>';
	content +=	'</form>';

	jQuery("#popOpt").html(content);
	if(tempInputOptArr.length > 0){
		for(var m = 0; m < tempInputOptArr.length ; m++){
			var tempObj = tempInputOptArr[m];
			createInputOpt(tempObj.entOptIdx , tempObj.optItemNm,  tempObj.optItemNo, tempObj.selOptCnt);
		}
	}
	mwUI.layerPop('popOpt');

	if(_selOptCnt == 0){
		jQuery("#opt_selectList").css("display","none");
	}

	jQuery("#opt_selectList").on("click" ,  function(){
		var $displayYn = jQuery("#selectOption").css("display");
		if($displayYn != 'none'){
			jQuery("body").animate({scrollTop : jQuery("#opt_selectList").offset().top  - 10} , 0);
		}
	});
	jQuery(".box" ,"#selectOption").each(function(){
		var _this = jQuery(this);
		jQuery(_this).bind("click" , function(e){
			if(e.target.nodeName == 'A'){
				var funcNm = jQuery(_this).attr('data-funcName');
				if(funcNm){
					var arg = [];
					arg.push(_this);
					arg.push(jQuery(_this).attr('data-arg'));
					setTimeout(function(){
						window[funcNm].apply(this,arg);
					} , 100);
				}
			}
		});
	});

};

	function initOptLayer(){
		if(this.isFirstOpenOptLayer == false ){
			if(typeof(_selOptTypCd) != 'undefined' && _selOptTypCd !='02'){
				enableOptLayer(0);
			}else if( typeof(_selOptTypCd) != 'undefined' && _selOptTypCd =='02' ){
				eachOpt.setInitLayer();
			}
		}

		if(jQuery(".slt_op .box:visible").length > 0){
			optIscroll.getScroll(jQuery(".slt_op .box:visible").attr("id"));
		}

		this.isFirstOpenOptLayer = true;
	}

	function callAppScheme(scheme) {
	    var appActionID = "appExecuteFrame";
	    var actionFrame = document.createElement("IFRAME");

	    actionFrame.id = appActionID;
	    actionFrame.name = actionFrame.id;
	    actionFrame.width = 0;
	    actionFrame.height = 0;
	    actionFrame.src = scheme;

	    document.body.appendChild(actionFrame);
	    setTimeout(function() {
	        document.body.removeChild(actionFrame);
	    }, 100);
	}

function createFrm(data, prdNo){
	var frmContent = '';
	var catalogNo = catalogNo || '';
	frmContent += '<form name="frmMain" action="" method="post" onsubmit="">';
	frmContent += '<input type="hidden" name="prdDlvCstStlTyp"     value="01" />';
	frmContent += '<input type="hidden" name="method"              value="" />';
	frmContent += '<input type="hidden" name="prdNo"               value="'+prdNo+'" />';
	frmContent += '<input type="hidden" name="catalogNo"           value="'+catalogNo+'" />';
	frmContent += '<input type="hidden" name="dispCtgrNo"          value="'+data.appDetail.dispCtgrNo+'" />';
	frmContent += '<input type="hidden" name="ldispCtgrNo"         value="'+data.appDetail.lDispCtgrNo+'" />';
	frmContent += '<input type="hidden" name="optCnt"              value="'+(Number(data.appDetail.selOptCnt)+Number(data.appDetail.insOptCnt))+'" />';
	frmContent += '<input type="hidden" name="selOptCnt"           value="'+data.appDetail.selOptCnt+'" />';
	frmContent += '<input type="hidden" name="insOptCnt"           value="'+data.appDetail.insOptCnt+'" />';
	frmContent += '<input type="hidden" name="iscpn"               value="N" />';
	frmContent += '<input type="hidden" name="selStatCd"           value="'+data.appDetail.selStatCd+'" />';
	frmContent += '<input type="hidden" name="optString"           value="" />'; //옵션배열
	frmContent += '<input type="hidden" name="optQtyString"        value="" /> ';
	frmContent += '<input type="hidden" name="optPrcString"        value="" /> ';
	frmContent += '<input type="hidden" name ="selPrc" value="'+data.appDetail.prdPrice.finalDscPrc+'" />';
	frmContent += '<input type="hidden" name="incommingCode"       value="01" />';
	frmContent += '<input type="hidden" name="addAllSelPrc" id="addAllSelPrc" value="'+data.appDetail.prdPrice.finalDscPrc+'"/>';
	frmContent += '<input type="hidden" name="done" id="done"  value="Y" />';
	if(typeof(data.appDetail.selMinLimitQty) != 'undefined'){
		frmContent += '<input type="hidden" name="selMinLimitQty"  value="'+data.appDetail.selMinLimitQty+'" />';
	}
	frmContent += '<input type="hidden" name="prdTypCd"        value="'+data.appDetail.prdTypCd+'" />';
	frmContent += '<input type="hidden" name="minusOptYn"       id="minusOptYn" value="" />';
	frmContent += '<input type="hidden" name="optDscPrc"		value="" />';
	frmContent += '<input type="hidden" name="isMart" value="'+data.appDetail.martInfo.isMart+'" />';
	frmContent += '<input type="hidden" name="martNo" value="'+data.appDetail.martInfo.martNo+'" />';
	frmContent += '<input type="hidden" name="strNo" value="'+data.appDetail.martInfo.strNo+'" />';
	frmContent += '<input type="hidden" name="mailNo" value="'+data.appDetail.martInfo.mailNo+'" />';
	frmContent += '<input type="hidden" name="mailNoSeq" id="martPrmtSeq" value="'+data.appDetail.martInfo.mailNoSeq+'" />';
	frmContent += '<input type="hidden" name="martPrmtNm"	id="martPrmtNm" value="" />';
	frmContent += '<input type="hidden" name="martPrmtCd" id="martPrmtCd" value="'+data.appDetail.martInfo.martPrmtCd+'" />';
	frmContent += '<input type="hidden" name="cupnIssNo1Str" value=""/>';
	frmContent += '<input type="hidden" name="cupnIssNo2Str" value=""/>';
	frmContent += '<input type="hidden" name="dlvCupnIssNo" value="0"/>';
	frmContent += '<input type="hidden" name="catalogYn" id="catalogYn" value="N"/>';
	return frmContent;
}

function martDirectGoToOrder(buttonType){
	var isNotSetPrdNo = false;
    if( !document.frmMain.prdNo || document.frmMain.prdNo.value == null){
    	isNotSetPrdNo = true;
    }

    if(document.frmMain.optionStckNo){
    	var selOptStckCnt =  document.frmMain.optionStckNo.length ;
    	for(var i = 0 ; i < selOptStckCnt ; i++){
    		if(document.frmMain.optionStckNo[i].value == null && document.frmMain.optionStckNo[i].value == '' ){
    			isNotSetPrdNo = true;
    			break;
    		}
    	}
    }else{
    	isNotSetPrdNo = true;
    }

    if(isNotSetPrdNo ){
    	alert("옵션을 선택해 주세요.");
        return false;
    }

	// 구매수량 및 배송비결제 체크
	if (!_fnChkOrderInfo()) return;

	if (_fnChkOrderStock()) {
		var obj = document.frmMain;
		var optStckAr = _setPrdOrderParam(obj);
		if (optStckAr == "") {
			alert("옵션이나 수량을 선택후 " +  ( ("inputCart" == buttonType || "catalogInputCart" == buttonType) ? "장바구니" : "구매하기" ) + "를 선택해주세요.");
			return;
		}

		if(funcCheckIsLogin()){
			if("inputCart" == buttonType || "catalogInputCart" == buttonType){
				callPrdInputBasketAjax(document.frmMain);
			} else if("directOrder" == buttonType  || "catalogDirectOrder" == buttonType){
		    	if("Y" == document.frmMain.isMart.value){
					obj.incommingCode.value = "06";
		    	}else{
					obj.incommingCode.value = "01";
		    	}
				obj.action="https://buy.m.11st.co.kr/MW/Order/orderBasicFirstStep.tmall?by="+Date.now();
				obj.submit();
				if(document.frmMain.catalogYn == "N"){
					mwUI.layerPopClose('popOpt');
				}
			}
		}else{
			document.location.href = "https://m.11st.co.kr/MW/Login/login.tmall?returnURL=" +  encodeURIComponent(encodeURIComponent(document.location.href));
			return;
		}

	}
}

function catalogDetailAboutCart(buttonType){
	if(!funcCheckIsLogin()){
		document.location.href = "https://m.11st.co.kr/MW/Login/login.tmall?returnURL=" +  encodeURIComponent(encodeURIComponent(document.location.href));
		return;
	}else{
		_isSelLimitYN           = '';
		_selLimitTypCd          = '';
		_isSelMinLimitYN		= '';
		_selLimitQty            = 0;
		_selLimitPrdBuyCnt      = 0;
		_selMinLimitTypCd		= '';
		_selMinLimitQty			= 0;
		tempData = '';
		targetMartStrNo = 0;			// 변경할 마트 지점번호
		targetMartNo = 0;
		targetMartAddrSeq =0;
		optNms = "";
		selOptIdx = 0;
		selOptSchIdx = 0;
		entOptIdx = 0;
		optSchInsertIdx = 0;
		chngFuncNm = "_fnOptGetSubOpt";
		tempFlag = false;
		dailyUseFlag = false;
		_selOptTypCd = '';
		if (typeof(_selOptCnt) =='undefined'){
			_selOptCnt  = '';
		}
		if (typeof(_entOptCnt) =='undefined'){
			_entOptCnt  = '';
		}
		_ctlgStockNo = 0;
		isFirstOpenOptLayer = false;

		_PRDNO = '';
		_optDataIdx = '';
		_optTextIdx = '';
		_optCnt  = '';
		_selOptTyp = '';
		_optTypCd = '';
		_setMultiOptionIndex	= 0;
		_isDirectOptSelect = false;

		var obj = document.frmMain;
		catalogDetailGotoOrder(obj, buttonType);
	}
}
// 카달로그 상세 장바구니 담기 (수량 조절 가능)
function catalogDetailGotoOrder(obj, buttonType){
	var prdNo = document.frmMain.prdNo.value;
	var ctlgStockNo = document.frmMain.tempCtlgStockNo.value;
	var getPrdDetailUrl = "/MW/api/app/elevenst/product/getProductDetail.tmall?prdNo="+prdNo+"&by="+Date.now();
	jQuery.ajax({
		url : getPrdDetailUrl,
		cache : false,
		dataType : "json",
		success : function(data){
			if(data.status.code == "200"){ // 성공
				if(data.appDetail.martInfo.isMart == "Y"){  //지점배송 상품
					var setMartYn = 'N'; // 설정된 배송지가 없는경우
					if(typeof(data.appDetail.prdDelivery.dlvAddrList) != 'undefined' && data.appDetail.prdDelivery.dlvAddrList.length > 0){
						for(var n =0; n < data.appDetail.prdDelivery.dlvAddrList.length; n++){
							if(data.appDetail.prdDelivery.dlvAddrList[n].martAddrYn == "Y"){
								setMartYn = 'Y';
								break;
							}
						}
					}
					if(data.appDetail.prdDelivery.settedMartYn == "Y" && setMartYn == "Y"){ // 기존 배송지 설정 O
						if( typeof(data.appDetail.selStatStmt) != 'undefined' || data.appDetail.selStatCd != "103"){ //해당 지점에서 판매중이 아닌 경우,
							soldOutInfo(data, prdNo, "");
						}else{ //해당 지점 및 상품에 맞는 가격 조회
							catalogGetMartOptionInfo(data, obj, buttonType);
						}
					}else{	// 배송지 설정 X
						makeDeliveryTemplate(data, prdNo, buttonType, ctlgStockNo, "");
					}
				}else{  //일반셀러 상품
					catalogGetMartOptionInfo(data, obj, buttonType);
				}
			}else if(data.status.code == "405"){
				alert("죄송합니다. 존재하지 않는 상품입니다.");
			}else if(data.status.code == "901"){
				alert("올바른 요청이 아닙니다.");
			}else{
				alert("잠시후 다시 시도 해주세요.");
			}
		},
		error : function(data){
			alert("잠시후 다시 시도 해주세요.");
			console.log("상품 정보 조회 실패!!");
		}
	});
}

//카달로그 옵션 조회
function catalogGetMartOptionInfo(data, obj, buttonType){
	var prdNo = document.frmMain.prdNo.value;
	var ctlgStockNo = document.frmMain.tempCtlgStockNo.value;
	var getPrdOptionUrl = "/MW/api/app/elevenst/product/getProductOptionInfo.tmall?prdNo="+prdNo+"&by="+Date.now();
	jQuery.ajax({
		url : getPrdOptionUrl,
		cache : false,
		dataType : "json",
		success : function(dataOpt){
			if(dataOpt.status.code == "200" || dataOpt.status.code == "785"){ // 성공 or 옵션이 없는 상품
				catalogDirectInputCart(data, dataOpt, obj, buttonType);
			}else if(data.status.code == "405"){
				alert("죄송합니다. 존재하지 않는 상품입니다.");
			}else if(data.status.code == "901"){
				alert("올바른 요청이 아닙니다.");
			}else{
				alert("잠시후 다시 시도 해주세요.");
			}
		},
		error : function(data){
			alert("잠시후 다시 시도 해주세요.");
			console.log("옵션 조회 실패!!");
		}
	});
}

//카달로그 상세 : 옵션이 없을 경우 or 카달로그 맵핑된 상품
function catalogDirectInputCart(data, dataOpt, obj, buttonType){
	if(typeof(data.appDetail) == 'undefined'){
		data = tempData;
	}
	var prdNo = document.frmMain.prdNo.value;
	var ctlgStockNo = document.frmMain.tempCtlgStockNo.value;
	var cnt = (document.frmMain.optionStock0.value != '') ? document.frmMain.optionStock0.value: '1' ;
	if(typeof(document.frmMain.selLimitQty) != 'undefined' && document.frmMain.selLimitQty.value  != ''){
		if( Number(cnt) > Number(document.frmMain.selLimitQty.value)){
			alert("최대 구매수량을 초과 하였습니다.");
			return;
		}
	}
	if(typeof(document.frmMain.selMinLimitQty) != 'undefined' && document.frmMain.selMinLimitQty.value  != ''){
		if( Number(cnt) < Number(document.frmMain.selMinLimitQty.value)){
			alert("최소 구매수량은 "+ document.frmMain.selMinLimitQty.value + "입니다.");
			return;
		}
	}

	var gubun = ":=:";
	var optGubunFir = "!=!";
	var optGugunSec = "_ @=@";

	var optQtyString = cnt+gubun;
	var insOptCnt = data.appDetail.insOptCnt; // select 옵션 개수 (옵션이 없을때는 0)
	var selOptCnt =  data.appDetail.selOptCnt; // select 옵션 개수 (옵션이 없을때는 0)
	var iscpn = "N";
	var optPrcString = "";
	var optPrc = 0;
	var optNo = Number(insOptCnt+selOptCnt);
	var dtlOptNm = data.appDetail.prdNm;
	var optString = "";
	var params = "";
	var optionPrc = data.appDetail.totPrdPrc;
	var optionStockHid  = data.appDetail.totStock;
	var optionStock  = "1";
	var optionStckNo  = data.appDetail.totPrdStckNo;
	var isMart = data.appDetail.martInfo.isMart;
	var incommingCode  = "01"; // 01 상품상세
	if(isMart == "Y"){
		incommingCode  = "06"; // 06 마트지점상품
	}
	var strNo  = data.appDetail.martInfo.strNo;
	var mailNo  = data.appDetail.martInfo.mailNo;
	var mailNoSeq  = data.appDetail.martInfo.mailNoSeq;
	var optArr = "";
	var catalogNo = (document.getElementById("catalogNo") ? document.getElementById("catalogNo").value : "");

	var optNmList = "";
	var mixOptNm = "";
	var mixOptNo = "";
	if(dataOpt !="" && dataOpt.status.code !="785"){
		if(dataOpt.optList.length > 0){
			var optItemList = dataOpt.optList[0].optItemList;
			for(var i = 0; i < optItemList.length; i++){
				var optData = dataOpt.optList[0].optItemList[i];
				if(optData.stckNo == ctlgStockNo){
					optPrc = Number(data.appDetail.prdPrice.finalDscPrc)+Number(optData.addPrc);
					optPrcString = optPrc+gubun;
					optArr = optData.optNo;
					optNo = optArr.substr(2);
					optString = "0_1"+optGubunFir+optNo+optGugunSec;
					optionPrc = optData.addPrc;
					optionStockHid  = optData.stckQty;
					optionStckNo = optData.stckNo;
					dtlOptNm = optData.dtlOptNm;
					optNmList = dataOpt.optList[0].optItemNm;
					mixOptNm = dtlOptNm;
					mixOptNo = optData.optNo;
					optionStock = cnt;
				}
			}
			if(optPrc == 0){
				optPrc = document.frmMain.addAllSelPrc.value;
				optPrcString = optPrc+gubun;
			}
		}
	}else{
		optPrc = Number(data.appDetail.prdPrice.finalDscPrc)*cnt;
		optPrcString = optPrc+gubun;
	}

	// 재고 확인
	var tmpStock = "";
	if(dataOpt != ""){
		if(dataOpt.status.code == "785"){
			if (data.appDetail.totStock == "" || data.appDetail.totStock == "0") {
				alert("재고가 없는 상품입니다.");
				return false;
			}

			tmpStock = Number(data.appDetail.totStock);
			// 재고수량 비교
			if (cnt > tmpStock) {
				alert("재고수량이 부족 합니다.");
				return false;
			}
		}else if(dataOpt.status.code == "200"){
			var selOptTyp = dataOpt.optList[0].optClfCd;
			checkStockInfoByOptNos(prdNo, mixOptNo, selOptCnt, selOptTyp, optNmList, mixOptNm, cnt);
			if(checkStockInfoByOptQty == 0 ){
				return false;
			}
		}
	}else{
		if (data.appDetail.totStock == "" || data.appDetail.totStock == "0") {
			alert("재고가 없는 상품입니다.");
			return false;
		}

		tmpStock = Number(data.appDetail.totStock);
		// 재고수량 비교
		if (cnt > tmpStock) {
			alert("재고수량이 부족 합니다.");
			return false;
		}
	}




	var martPrdInputCartUrl = "/MW/api/app/elevenst/product/insertBasketJSON.tmall?prdNo="+prdNo+"&catalog_no="+ catalogNo +"&lowest_yn="+(document.getElementById("lowestYn_"+prdNo) ? document.getElementById("lowestYn_"+prdNo).value : "") +"&by="+Date.now();
	var martPrdCheckBuyUrl = "/MW/api/app/elevenst/product/checkBuyJSON.tmall?prdNo="+prdNo+ "&catalog_no="+ catalogNo +"&lowest_yn="+(document.getElementById("lowestYn_"+prdNo) ? document.getElementById("lowestYn_"+prdNo).value : "") + "&by="+Date.now();

	if(buttonType == "catalogDetailDirectOrder"){
		if(optString !=""){
			martPrdCheckBuyUrl = martPrdCheckBuyUrl+"&optString="+optString;
		}
		params ="&optQtyString="+optQtyString+"&optPrcString="+optPrcString+"&insOptCnt="+insOptCnt+"&selOptCnt="+selOptCnt+"&iscpn="+iscpn;
		params += "&incommingCode="+incommingCode+"&optionPrc="+optionPrc+"&optionStockHid="+optionStockHid+"&optionStock="+optionStock+"&optionStckNo="+optionStckNo+"&optArr="+optArr;
		params += "&dispCtgrNo="+data.appDetail.dispCtgrNo+"&lDispCtgrNo="+data.appDetail.lDispCtgrNo+"&isMart="+isMart+"&strNo="+strNo+"&mailNo="+mailNo+"&mailNoSeq="+mailNoSeq+"&prdDlvCstStlTyp=01";
		params += "&catalogNo="+ catalogNo +"&catalog_no="+ catalogNo +"&lowest_yn=Y";  
		martDirectOrderCheckAjax(martPrdCheckBuyUrl, prdNo, params);
	}else{
		if(optString !=""){
			martPrdInputCartUrl = martPrdInputCartUrl+"&optString="+optString;
		}
		params ="&optQtyString="+optQtyString+"&optPrcString="+optPrcString+"&insOptCnt="+insOptCnt+"&selOptCnt="+selOptCnt+"&iscpn="+iscpn;
		params += "&dispCtgrNo="+data.appDetail.dispCtgrNo+"&lDispCtgrNo="+data.appDetail.lDispCtgrNo;
		params += "&catalogNo="+ catalogNo +"&catalog_no="+ catalogNo +"&lowest_yn=Y";  
		inputCartAjax(martPrdInputCartUrl, params, dtlOptNm);
	}

}

// 옵션 장바구니 담기
function callPrdInputBasketAjax(frm){
	try {
		var inBsktUrl = "http://m.11st.co.kr/MW"+"/Product/productInputBasketAjax.tmall?by="+Date.now();
	    $.ajax({
	    	url:inBsktUrl,
			contentType: "application/x-www-form-urlencoded; charset=UTF-8",
	    	cache:false,
	    	data:$(frm).serialize(),
	    	dataType:"json",
	    	success:function(jsonData){
			    if(jsonData.result == "SUCCESS") {
			    	if(false){
						mwUI.layerPopClose('popOpt');
						callAppScheme("app://showAnimation/addBasket");
					}else{
						mwUI.layerPopClose('popOpt');
				    	var msg = 		'<div class="p_mart_note">';
				    	msg += 			'<p>상품이 장바구니에 담겼습니다.</p>';
				    	msg += 			'<p class="pt">장바구니로 이동 하시겠습니까?</p>';
				    	msg += 		'</div>';
				    	msg += 		'<div class="btn_w">';
				    	msg += 			'<div><button type="button" class="bbtn" onclick="mwUI.layerPopClose(\'popCart01\');">취소</button></div>';
				    	msg += 			'<div><button type="button" class="bbtn frd" onclick="goCart(\'popCart01\');">확인</button></div>';
				    	msg += 		'</div>';
				    	jQuery("#popCart01").html(msg);
				    	mwUI.layerPop('popCart01');
					}
	   			} else if(jsonData.result == "SOLDOUT") {
	   				// 품절
	   				alert(jsonData.msg);
	   				if(document.frmMain.catalogYn == "N"){
	   					mwUI.layerPopClose('popOpt');
	   				}
   				} else {
   					alert(jsonData.msg);
					if(document.frmMain.catalogYn == "N"){
						mwUI.layerPopClose('popOpt');
					}
   				}
	    	},
	    	error:function(data){
	    		alert('장바구니 담기에 실패했습니다.\n잠시 후 다시 시도해주세요.');
	    		if(document.frmMain.catalogYn == "N"){
					mwUI.layerPopClose('popOpt');
				}
	    	}
	    });
	    return true;

	} catch ( err ) {}
}

function clearValue(){
	jQuery('#frmMain').remove();
	_isSelLimitYN           = '';
	_selLimitTypCd          = '';
	_isSelMinLimitYN		= '';
	_selLimitQty            = 0;
	_selLimitPrdBuyCnt      = 0;
	_selMinLimitTypCd		= '';
	_selMinLimitQty			= 0;
	tempData = '';
	targetMartStrNo = 0;			// 변경할 마트 지점번호
	targetMartNo = 0;
	targetMartAddrSeq =0;
	optNms = "";
	selOptIdx = 0;
	selOptSchIdx = 0;
	entOptIdx = 0;
	optSchInsertIdx = 0;
	chngFuncNm = "_fnOptGetSubOpt";
	tempFlag = false;
	dailyUseFlag = false;
	_selOptTypCd = '';
	if (typeof(_selOptCnt) =='undefined'){
		_selOptCnt  = '';
	}
	if (typeof(_entOptCnt) =='undefined'){
		_entOptCnt  = '';
	}
	_ctlgStockNo = 0;
	isFirstOpenOptLayer = false;

	_PRDNO = '';
	_optDataIdx = '';
	_optTextIdx = '';
	_optCnt  = '';
	_selOptTyp = '';
	_optTypCd = '';
	_setMultiOptionIndex	= 0;
	_isDirectOptSelect = false;
	checkStockInfoByOptQty = 0;
}

var checkStockInfoByOptNos = function(prdNo, mixOptNo, selOptCnt, selOptTyp, optNmList, mixOptNm, cnt){
	var param = "prdNo="+prdNo+"&mixOptNo="+mixOptNo+"&selOptCnt="+selOptCnt+"&selOptTyp="+selOptTyp
				+"&optNmList="+escape(encodeURIComponent(optNmList))+"&mixOptNm="+escape(encodeURIComponent(mixOptNm));
	var chkUrl = "http://m.11st.co.kr/MW/api/app/elevenst/product/getStockInfoByOptNos.tmall?"+param+"&by="+Date.now();
    $.ajax({
    	url:chkUrl,
    	cache:false,
    	async: false,
    	dataType:"json",
    	success:function(jsonData){
	   		if(jsonData.status.code == "200") {
	   			if (jsonData.optInfo.stckQty == "" || jsonData.optInfo.stckQty == "0") {
	   				checkStockInfoByOptQty = 0;
					alert("재고가 없는 상품입니다.");
					return false;
				}

				var tmpStock = Number(jsonData.optInfo.stckQty);
				// 재고수량 비교
				if (cnt > tmpStock) {
					checkStockInfoByOptQty = 0;
					alert("재고수량이 부족합니다.");
					return false;

				}
				checkStockInfoByOptQty = tmpStock;
				return true;
 			}
    	},
    	error:function(jsonData){
    		alert('재고 조회에 실패했습니다.\n잠시 후 다시 시도해주세요.');
    	}
    });
};


// 배송지 설정 당일배송
function martDeliveryInfoTemplate(data, martType, prdNo, setMartInfo){
	var prdDelivery = data.appDetail.prdDelivery;
	var martInfo = data.appDetail.martInfo;
	var content ='';
	content += 		'<h1>배송지 설정</h1>';
	content += 			'<div class="p_mart_dly">';
	content += 				'<p class="noti">';
	content += 					'배송받으실 주소를 설정하신 후 서비스 이용이 가능합니다.<br/>배송지 설정 후, 매장별 배송 가능 시간을 확인하실 수 있습니다.';
	content += 				'</p>';
	content += 				'<div class="addr_slct">';
	content += 					'<h2 class="tit_dly">배송지 선택</h2>';
	content += 					'<div class="addr_list" id="addrList">';
	content += 						'<ul>';
	if(typeof(prdDelivery.dlvAddrList) != 'undefined' && prdDelivery.dlvAddrList.length > 0 ){
		if(prdDelivery.dlvAddrList != null && prdDelivery.dlvAddrList.length >0){
			for(var i=0; i < prdDelivery.dlvAddrList.length ; i++){
				var dlvAddrList = prdDelivery.dlvAddrList[i];
				if(i == 0){
					content += 							'<li class="on" name="martDlvList_'+i+'">';
				}else{
					content += 							'<li name="martDlvList_'+i+'">';
				}
				content += 								'<a href="#" onclick="searchMartStoreListWithAddr(\''+martInfo.martNo+'\',\''+dlvAddrList.addrSeq+'\',\'N\',\''+i+'\');">';
				content += 									'<span class="name"><b>'+dlvAddrList.addrNm+'</b>'+dlvAddrList.rcvNm+'</span>';
				content += 									'<span class="addr">'+dlvAddrList.baseAddr+ dlvAddrList.dtlsAddr+'</span>';
				content += 								'</a>';
				content += 							'</li>';
			}
		}
	}else{
		content += 							'<li>';
		content += 								'<a href="#">';
		content += 									'<span class="name">배송지 설정 후 주문이 가능합니다.</span>';
		content += 									'<span class="addr"></span>';
		content += 								'</a>';
		content += 							'</li>';
	}

	content += 						'</ul>';
	content += 					'</div>';
	content += 					'<a href="javascript:insertMartAddress();" class="sbtn btn_add">배송지 추가</a>';
	content += 				'</div>';
	content += 				'<div class="addr_set" id="martDlvInfoMany" style="display:none">';
	content += 					'<h2 class="tit_dly">배송지 선택</h2>';
	content += 					'<ul>';
	content += 						'<li class="on"><a href="javascript:selectMartDlv(this.value);">홈플러스 <b>금천점</b>에서 배송됩니다.</a></li>';
	content += 						'<li><a href="javascript:selectMartDlv(this.value);">홈플러스 <b>금천금천금천금천금천금천점</b>에서 배송됩니다.</a></li>';
	content += 					'</ul>';
	content += 				'</div>';
	content += 				'<div class="addr_set" id="martDlvInfoOne" style="display:none">';
	content += 					'<h2 class="tit_dly">배송지 선택</h2>';
	content += 					'<ul>';
	content += 						'<li class="on">홈플러스 <b>금천점</b>에서 배송됩니다.</a></li>';
	content += 					'</ul>';
	content += 				'</div>';
	content += 			'</div>';
	content += 			'<div class="btn_w">';
	content += 				'<button type="button" class="bbtn frd" onclick="changeMartStrNo();">확인</button>';
	content += 			'</div>';
	content += 			'<button type="button" class="close" onclick="popupdelivery.close(\'popDelivery\');">팝업닫기</button>';

	jQuery("#popDelivery").html(content);
	if(typeof(prdDelivery.dlvAddrList) != 'undefined' && prdDelivery.dlvAddrList.length > 0){
		searchMartStoreListWithAddr(martInfo.martNo,prdDelivery.dlvAddrList[0].addrSeq,'N',0);
	}
	popupdelivery.open('popDelivery','addrList');
}


function martDeliveryInfo(martType, prdNo, martNm, setMartInfo){
	if(!funcCheckIsLogin()){
		document.location.href = "https://m.11st.co.kr/MW/Login/login.tmall?returnURL=" + encodeURIComponent(encodeURIComponent(document.location.href));
		return;
	}
	clearValue();

	var getPrdDetailUrl = "/MW/api/app/elevenst/product/getProductDetail.tmall?prdNo="+prdNo+"&by="+Date.now();
	jQuery.ajax({
		url : getPrdDetailUrl,
		cache : false,
		ansyc : false,
		dataType : "json",
		success : function(data){
			if(data.status.code == "200"){ // 성공
				var setMartYn = 'N'; // 설정된 배송지가 없는경우
				if("homeplusChange" == martType || "gssuperChange" == martType){
					if("homeplusChange" == martType){
						martType = "homeplus";
					}else{
						martType = "gssuper";
					}
					martDeliveryInfoTemplate(data, martType, prdNo, setMartInfo); // 배송지 설정
				}else{
					if(typeof(data.appDetail.prdDelivery.dlvAddrList) != 'undefined' && data.appDetail.prdDelivery.dlvAddrList.length > 0){
						for(var n =0; n < data.appDetail.prdDelivery.dlvAddrList.length; n++){
							if(data.appDetail.prdDelivery.dlvAddrList[n].martAddrYn == "Y"){
								setMartYn = 'Y';
								break;
							}
						}
					}
					if(data.appDetail.prdDelivery.settedMartYn == "Y" && setMartYn == "Y"){ // 기존 배송지 설정 O
						if("gssuper" == martType && "info" == setMartInfo){
							checkGsDeliveryTime(martType, prdNo, martNm, setMartInfo);  //GS수퍼 배송시간 확인
						}else{
							checkHomeplusDeliveryTime(data, martType, prdNo, setMartInfo);  //홈플러스 배송시간확인
						}
					}else{
						martDeliveryInfoTemplate(data, martType, prdNo, setMartInfo); // 배송지 설정
					}
				}

			}else if(data.status.code == "901"){
				alert("올바른 요청이 아닙니다.");
			}else{
				alert("잠시후 다시 시도 해주세요.");
			}
		},
		error : function(data){
			alert("잠시후 다시 시도 해주세요.");
			console.log("상품 정보 조회 실패!!");
		}
	});


}


function checkHomeplusDeliveryTime(data, martType, prdNo, setMartInfo){
	var mailNo = data.appDetail.martInfo.mailNo;
	var strNo = data.appDetail.martInfo.strNo;
	var martNo = data.appDetail.martInfo.martNo

	var getTimeUrl = "/MW/Mart/Brand/samedayDeliveryTimeAjax.tmall?mailNo="+mailNo+"&strNo="+strNo+"&prdNo="+prdNo+"&martNo="+martNo+"&by="+Date.now();
	jQuery.ajax({
		url : getTimeUrl,
		cache : false,
		dataType : "json",
		success : function(jsonData){
			
			var templateId = 'martDeliveryTimeTemplate';
			var source   = document.getElementById(templateId).innerHTML;
            var template = Handlebars.compile(source);
            var markup    = template(jsonData);
        	
			document.getElementById('popDeliveryTime1').innerHTML = markup;
			if(showFlag){
				$('.dim').fadeOut(300, function() {
					$('body').removeClass('martCategoryType');
					$('.menu_bymart').find('.navi_bymart li:first-child a').removeClass('on');
					$('.menu_bymart').find('.wrap_cate').css('display', 'none');
				});
				showFlag = false;
			}
			mwUI.layerPop('popDeliveryTime1');
		},
		error : function(jsonData){
			alert("잠시후 다시 시도 해주세요.");
			console.log("배송시간 정보 연동 실패!!" );
		}
	});
}

var firstGsPrdNo = '';
var gsStrNm ='';
function checkGsDeliveryTime(martType, prdNo, martNm, setMartInfo){
	var content = '<h1>배송 가능 시간</h1>';
	content += '<div class="p_mart_dly"><div class="dly_guide"><h2 class="tit_dly">배송매장 : GS수퍼마켓 <span class="local">'+martNm;
	content += '</span></h2>';
	content += '<p class="noti">주문 결제 후 당일 3시간 이내 배송됩니다.<br />단, 지점별 주문 마감 이후 주문은 익일 일괄 배송됩니다.<br />(지점별 주문 마감 시간 상이함)</p>';
	content += '<a href="javascript:martDeliveryInfo(\'gssuperChange\', \''+firstGsPrdNo+'\', \''+ gsStrNm+'\', \'set\');mwUI.layerPopClose(\'popDeliveryTime1\');" class="sbtn btn_add">배송지 변경</a></div></div>';
	content += '<button type="button" class="close" onclick="mwUI.layerPopClose(\'popDeliveryTime1\');">팝업닫기</button>';

	jQuery("#popDeliveryTime1").html(content);
	if(showFlag){
		$('.dim').fadeOut(300, function() {
			$('body').removeClass('martCategoryType');
			$('.menu_bymart').find('.navi_bymart li:first-child a').removeClass('on');
			$('.menu_bymart').find('.wrap_cate').css('display', 'none');
		});
		showFlag = false;
	}
	mwUI.layerPop('popDeliveryTime1');
} 

</script>

	
<script type="text/javascript" language="javascript">

	var makePrdTemplate = function(prdData){

		var getCommaValue = function (n) {
			var reg = /(^[+-]?\d+)(\d{3})/;
			n += '';
			while (reg.test(n))
				n = n.replace(reg, '$1' + ',' + '$2');
		  	return n;
		};
		var getCtlgAttrValue = function (ctlgAttrJson) {
			var amtValue	= (ctlgAttrJson.amt + ctlgAttrJson.amtunit) || "";
			var join 		= ctlgAttrJson.join;
			var pkgValue	= (ctlgAttrJson.pkg + ctlgAttrJson.pkgunit) || "";

			if(amtValue == "" || pkgValue == ""){
				return amtValue + pkgValue;
			}else{
				return amtValue + join + pkgValue;
			}
		};

		var viewType	= martSearchObj.viewType;
		var linkUrl		= "";
		var dispNm 		= "";
		var ecoNationIcon = prdData.ecoNationIcon;

		if(prdData.ctlgYn == "Y"){
			dispNm = prdData.dispModelNm;
			linkUrl = "http://m.11st.co.kr/MW/Mart/martCatalogDetail.tmall?mallType=mart&catalogNo=" + prdData.ctlgNo;
		}else{
			dispNm = prdData.prdnm;
			linkUrl = "http://m.11st.co.kr/MW/Product/productBasicInfo.tmall?mallType=mart&prdNo=" + prdData.prdNo;
		}

		var template 	 = '<li>';
			template	+= '	<a href="javascript:goMartLink(\'' + linkUrl + '\');">';
			template	+= 			ecoNationIcon;
			template	+= '		<span class="thumb"><img src="' + prdData.imgUrl + '" alt="' + dispNm + '"  onerror="javascript:this.src=\'/MW/img/product/no_image_100.gif\';"/></span>';
			template	+= '		<span class="info"><span class="ico">';

			var iconCnt = 0;
			// 카드할인 > 무료배송 or 당일배송 > 1+1 or 사은품 > 포인트 > T멤버쉽 > OCB > 마일리지
			
				if(prdData.cardDscRtYN == "Y"){
					template	+= '<span class="ic cd">카드할인</span>';
					iconCnt++;
				}

				if(prdData.dlvCstInstBasiCd == "01") {
					template += '<span class="ic dy">무료배송</span>';
					iconCnt++;
				}else if(prdData.dlvCstInstBasiCd == "12"){
					template	+= '<span class="ic_nowdlv">NOW배송</span>';
					iconCnt++;
				}else if(prdData.dlv == "day"){
					template	+= '<span class="ic dy">당일배송</span>';
					iconCnt++;
				}

				if(prdData.martPrmtCd == "03"){
					template	+= '<span class="ic gf">1+1</span>';
					iconCnt++;
				}else if(prdData.frgftYn == "Y"){
					template	+= '<span class="ic gf">사은품</span>';
					iconCnt++;
				}

				if(prdData.brandshopPointYn == "Y" && iconCnt < 3){
					template	+= '<span class="ic pt">포인트</span>';
					iconCnt++;
				}

				if(prdData.tmemDscRtYN == "Y" && !prdData.evt11stDate  && iconCnt < 3){
					template	+= '<span class="ic tm">T멤버십</span>';
					iconCnt++;
				}

				if(prdData.sellerOcb > 0 && iconCnt < 3){
					template	+= '<span class="ic ok">OK캐쉬백</span>';
					iconCnt++;
				}

				if(prdData.mileageDscRtYN == "Y" && iconCnt < 3){
					template	+= '<span class="ic mg">마일리지</span>';
					iconCnt++;
				}
				
				template	+= '	</span><span class="name"> '+ dispNm +'</span>';

			if(prdData.ctlgYn == "Y"){
				template	+= '	<span class="att"> <!-- 카탈로그형 --> ';
				if(prdData.attrInfo != ""){
					/*template	+= '<span>' + getCtlgAttrValue(prdData.ctlgAttrJson); + '</span>';
				}else{*/
					template	+= '<span>' + prdData.attrInfo + '</span>';
				}
				if(prdData.eco != "" && prdData.eco != "X" && prdData.eco)
					template	+= '<span>친환경</span>';
				if(prdData.auth != "" && prdData.auth != "X" && prdData.auth)
					template	+= '<span>국가인증</span>';
				if(prdData.fresh != "" && prdData.fresh){
					if(prdData.fresh == "냉동")	template += '<span>냉동</span>';
					if(prdData.fresh == "냉장") 	template += '<span>냉장</span>';
				}
				template	+= '	</span>';
			}

			template	+= '		</span>';
			template	+= '		<!-- 리스트 -->';
			template	+= '		<span class="grade" name="martBaseType" ';
			if(viewType == "gallery")	template += 'style="display:none;"' ;
			template	+= '>';

			if(parseInt(prdData.buySatisfy) >= 80 && prdData.prdEvlTotQty > 0){
				if(parseInt(prdData.buySatisfy) >= 90){
					template += '<span class="sati mj100">만족도 100%</span>';
				}else if(parseInt(prdData.buySatisfy) >= 85 && parseInt(prdData.buySatisfy) < 90){
					template += '<span class="sati mj90">만족도 90%</span>';
				}else  if(parseInt(prdData.buySatisfy) >= 80 && parseInt(prdData.buySatisfy) < 85){
					template += '<span class="sati mj80">만족도 80%</span>';
				}
				if(prdData.prdEvlTotQtyStr) {
					template += '<span class="rev"><b>리뷰</b>(' + prdData.prdEvlTotQtyStr + ')</span>';
				} else {
					template += '<span class="rev"><b>리뷰</b>(' + prdData.prdEvlTotQty + ')</span>';
				}
			}

			template	+= '		</span>';

			template	+= '		<!-- 갤러리 -->';
			template	+= '		<div name="martGalleryType"';
			if(viewType == "base")	template += ' style="display:none;" ' ;
			template	+= '		>';
			template	+= '		<div class="price">';
			if(prdData.martFinalSelPrc < prdData.selPrc){
				template    += '			<del>' + getCommaValue(prdData.selPrc) + '원</del>';
			}
			template	+= '		<span class="prc"><b>' + getCommaValue(prdData.martFinalSelPrc) + '</b>원</span>';

			template	+= '		</div></div>';

			template	+= '		<div name="martBaseType"';
			if(viewType == "gallery") template += ' style="display:none;" ' ;
			template	+= '		>';
			template	+= '		<!-- 리스트 -->';
			template	+= '		<div class="price">';

			if(prdData.martFinalSelPrc < prdData.selPrc){
				template    += '			<del>' + getCommaValue(prdData.selPrc) + '원</del>';
			}
			if(prdData.ctlgYn == "N")
				template	+= '			<!-- 상품형 --><span class="prc"><b>' + getCommaValue(prdData.martFinalSelPrc) + '</b>원</span>';
			if(prdData.ctlgYn == "Y") {
				template	+= '			<!-- 카탈로그형 --><span class="prc"><b>' + getCommaValue(prdData.martFinalSelPrc) + '</b>원</span>';
				if (prdData.basiUntCd != "" && prdData.martPrmPrc != "0") {
					template	+= '<span class="unit">(' + prdData.basiUntCd + getCommaValue(prdData.martPrmPrc) + '원)</span>';
				}
			}				

			template	+= '		</div></div>';

			template	+= '	</a>';


			if(prdData.ctlgYn == "N"){
				template	+=   '		<!-- 상품형 리스트 -->';
				template	+= '		<div name="baseButtonType"';
				if(viewType == "gallery") template += ' style="display:none;" ' ;
				template	+= '		>';
				template	+= '	<div class="btn_set">';
				template	+= ' <button type="button" class="cart" onclick="martGoToOrder(\'insertCart\',\''+ prdData.prdNo+'\',\''+prdData.ctlgStockNo+'\',\''+dispNm+'\');orderClickCode(\'cart\');return false;">담기</button>';
				template	+= ' <button type="button" class="buy" onclick="martGoToOrder(\'directOrder\',\''+ prdData.prdNo+'\',\''+prdData.ctlgStockNo+'\',\''+dispNm+'\');orderClickCode(\'buy\');return false;">구매</button>';
				template	+=  	'</div>';
				template	+=  '</div>';
				template	+=   '		<!-- 상품형 갤러리 -->';
				template	+= '		<div name="galleryButtonType"';
				if(viewType == "base") template += ' style="display:none;" ' ;
				template	+= '		>';
				template	+= '	<div class="btn_set">';
				template	+= ' <span><button type="button" class="cart" onclick="martGoToOrder(\'insertCart\',\''+ prdData.prdNo+'\',\''+prdData.ctlgStockNo+'\',\''+dispNm+'\');orderClickCode(\'cart\');return false;">담기</button></span>';
				template	+= ' <span><button type="button" class="buy" onclick="martGoToOrder(\'directOrder\',\''+ prdData.prdNo+'\',\''+prdData.ctlgStockNo+'\',\''+dispNm+'\');orderClickCode(\'buy\');return false;">구매</button></span>';
				template	+=  	'</div>';
				template	+=  '</div>';
		    }else if(prdData.ctlgYn == "Y"){
		    	template	+=   '		<!-- 카탈로그형 리스트 -->';
				template	+= '		<div name="baseButtonType"';
				if(viewType == "gallery") template += ' style="display:none;" ' ;
				template	+= '		>';
				template	+= '	<div class="btn_set">';
				template	+= ' <button type="button" class="cart" onclick="martGoToOrder(\'catalogInsertCart\',\''+ prdData.prdNo +'\',\''+prdData.ctlgStockNo+'\',\''+prdData.dispModelNm+'\');orderClickCode(\'cart\');return false;">담기</button>';
				template	+= ' <button type="button" class="buy" onclick="martGoToOrder(\'catalogDirectOrder\',\''+ prdData.prdNo+'\',\''+prdData.ctlgStockNo+'\',\''+prdData.dispModelNm+'\');orderClickCode(\'buy\');return false;">구매</button>';
				template	+=  	'</div>';
				template	+=  '</div>';
				template	+=   '		<!-- 카탈로그형 갤러리 -->';
				template	+= ' <div name="galleryButtonType"';
				if(viewType == "base") template += ' style="display:none;" ' ;
				template	+= '		>';
				template	+= '	<div class="btn_set">';
				template	+= ' <span><button type="button" class="cart" onclick="martGoToOrder(\'catalogInsertCart\',\''+ prdData.prdNo +'\',\''+prdData.ctlgStockNo+'\',\''+prdData.dispModelNm+'\');orderClickCode(\'cart\');return false;">담기</button></span>';
				template	+= ' <span><button type="button" class="buy" onclick="martGoToOrder(\'catalogDirectOrder\',\''+ prdData.prdNo+'\',\''+prdData.ctlgStockNo+'\',\''+prdData.dispModelNm+'\');orderClickCode(\'buy\');return false;">구매</button></span>';
				template	+=  	'</div>';
				template	+=  '</div>';
			}
		    template	+= '</li>';

		return template;
	};

	var makeMartPrdList = function(prdJsonData){

		var listView	= $("#mart_prd_list_view");
		var total		= prdJsonData.totalCount;
		var prdList	 	= prdJsonData.prdList;
		var isBannedKeyword		= false;
		var isNoSearchResult	= false;
		
		if(prdJsonData.isBannedKeyword != null && typeof(prdJsonData.isBannedKeyword) == "boolean" && prdJsonData.isBannedKeyword) {
			isBannedKeyword = prdJsonData.isBannedKeyword;
		} else if(prdJsonData.isNoSearchResult != null && typeof(prdJsonData.isNoSearchResult) == "boolean") {
			isNoSearchResult = prdJsonData.isNoSearchResult;
		}

		if(isBannedKeyword || isNoSearchResult) {
			total = "0";
			listView.html("");
			$("#mart_prd_list_paging").css("display", "none");
			$("#noDataView").css("display", "block");
			
			if(isBannedKeyword) {
				$('#noDataView').html('고객님께 양해 말씀 드립니다.<br><strong id="searchKeyWordView"></strong>에 대한 검색결과는 현재 제공하지 않습니다.');
			} else {
				$('#noDataView').html('<strong id="searchKeyWordView"></strong>에 대한 검색결과가 없습니다.');
			}

			if("S" == "S"){
				$("#searchKeyWordView").text('\"' + martSearchObj.searchKeyword + '\"');
			}else{
				$("#searchKeyWordView").text('카테고리');
			}
			
		} else if(prdList != null && prdList.length > 0){
			listView.html("");
			for(var i = 0; i < prdList.length; i++){
				listView.append(makePrdTemplate(prdList[i]));
			}
			$("#mart_prd_list_paging").css("display", "block");
			$("#noDataView").css("display", "none");
		}else{
			listView.html("");
			$("#mart_prd_list_paging").css("display", "none");
			$("#noDataView").css("display", "block");
			$('#noDataView').html('<strong id="searchKeyWordView"></strong>에 대한 검색결과가 없습니다.');
			
			if("S" == "S"){
				$("#searchKeyWordView").text('\"' + martSearchObj.searchKeyword + '\"');
			}else{
				$("#searchKeyWordView").text('카테고리');
			}
		}

		$("#martPrdTotCnt").text(total);
		makeMartPrdPaging(total);
	};


	var makeMartPrdPaging = function(total){

		var currentPageNo = martSearchObj.pageNum || 1;
		var rowPerPage = 60;
		var naviPageViewCnt = 5; //화면상에 보여줄 숫자의 갯수  ( <   1  2  3  4  5  > )
		var totalPageCnt = 1;  //총페이지수 = 총로우수 / 화면상에 보여주는 로우수
		totalPageCnt = parseInt(total / rowPerPage);
		if (total % rowPerPage > 0) totalPageCnt++;

		var totalBlock = parseInt(totalPageCnt/naviPageViewCnt); //페이지 이동셋
		var block = parseInt(currentPageNo/naviPageViewCnt);

		if(totalPageCnt%naviPageViewCnt > 0) totalBlock++;
		if(currentPageNo % naviPageViewCnt > 0) block++; //현재블럭표시

		var firstPage = parseInt((block-1)*naviPageViewCnt + 1);
		var lastPage = parseInt(block*naviPageViewCnt);

		if(totalBlock <= block) lastPage = totalPageCnt;

		function createHtml(pageNo, className, cont){
			var returnHtml = "";
			if(lastPage > 0 && currentPageNo == pageNo){
				returnHtml = '<strong title="현재페이지">' +cont+ '</strong>';
			}else if(pageNo < 1 || pageNo > totalPageCnt){
				returnHtml = '<a href="javascript:void(0);"   class=\''+className+'\'>' +cont+ '</a>';
			}else{
				returnHtml = '<a href="#"  onclick="goMartPage(' + pageNo +'); return false;" class="'+className+'">' +cont+ '</a>';
			}
			return returnHtml;
		}

		var pagingHtml = '';
		if(total > 0){
			pagingHtml += createHtml( (firstPage-1), 'prev', '이전' );
			for(var i=firstPage; i<=lastPage; i++){
				pagingHtml += createHtml( i, '', i );
			}
			pagingHtml += createHtml( (lastPage+1), 'next', '다음' );
		}

		$("#mart_prd_list_paging").html(pagingHtml);
	};

	var goMartPage = function(pageNum) {
		martSearchObj.pageNum = pageNum || 1;
		goAttrSearch("paging");
		location.href = "#s_filter";
	};

	var prdViewSwitch = function(idx){
		if(idx == 0){
			$("#mart_prd_list_view").removeClass("mtlist_gallery");
			$("#mart_prd_list_view").addClass("mtlist_base");
			$("[name=martBaseType]").css("display","block");
			$("[name=martGalleryType]").css("display","none");
			$("[name=baseButtonType]").css("display","block");
			$("[name=galleryButtonType]").css("display","none");
		}else{
			$("#mart_prd_list_view").removeClass("mtlist_base");
			$("#mart_prd_list_view").addClass("mtlist_gallery");
			$("[name=martBaseType]").css("display","none");
			$("[name=martGalleryType]").css("display","block");
			$("[name=baseButtonType]").css("display","none");
			$("[name=galleryButtonType]").css("display","block");
		}
	};

	var goMartLink = function(url){
		if("S" == "C"){
			callStatAjax("MWMART", "MWMART08", "MWMART0808");
		}else{
			callStatAjax("MWMART", "MWMART09", "MWMART0907");
		}
		location.href = url;
	};

	var getReqParam = function(){
		var reqParam = "";
		for( var key in martSearchObj){
			if(key == "searchKeyword"){
				reqParam +=  key + "=" + encodeURIComponent(encodeURIComponent(martSearchObj[key])) + "&";
			}else{
				reqParam +=  key + "=" + martSearchObj[key] + "&";
			}
		}
		return reqParam;
	};

	var historySet = function(){
		var returnURL = window.location.href.split('?')[0] + '?' + getReqParam() + "isBack=Y&mallType=mart";
		history.replaceState({}, '' , returnURL);
	};

	var setParamByHistoryBack = function(){
		var sortIdx		= martSearchObj.sortCd == "P" ? 0
						: martSearchObj.sortCd == "L" ? 1
						: martSearchObj.sortCd == "H" ? 2
						: 3;
		var viewIdx 	= martSearchObj.viewType == "base" ? 0 : 1;
		var brandAttr 	= martSearchObj.brandAttr;
		var benefitAttr = martSearchObj.benefitAttr;
		var customAttr 	= martSearchObj.customAttr;


		if(brandAttr != null && brandAttr != ""){
			$("#brandUl>li").each(function(){
				if(brandAttr.indexOf($(this).attr("searchKey")) >= 0 ){
					$(this).addClass("on");
				}
			});
		}

		if(benefitAttr != null && benefitAttr != ""){
			$("#cont3").find("button").each(function(){
				if(benefitAttr.indexOf($(this).attr("searchKey")) >= 0 ){
					$(this).addClass("on");
				}
			});
		}

		if(customAttr != null && customAttr != ""){
			$(".pop_mart").each(function(){
				var tagObj = $(this).attr("id").split("_")[1];
				var attrTxt = "";
				$(this).find("li").each(function(){
					if(customAttr.indexOf($(this).attr("searchKey")) >= 0 ){
						$(this).addClass("on");
						attrTxt += $(this).find("a").text()+", ";
					}
				});

				if(attrTxt != "" && attrTxt.indexOf(",") > 0){
					attrTxt = attrTxt.substring(0, attrTxt.lastIndexOf(","));
					$("#titleFit_"+tagObj).addClass("apply");
				}else{
					attrTxt = '전체<span class="s">(복수선택 가능)</span>';
				}

				$("#titleFit_"+tagObj).html(attrTxt);
			});
		}

		goSortSearch(sortIdx, true);
		goViewSwitch(viewIdx, true);

	};
	
	var orderClickCode = function(btnNm){
		if("S" == "C"){
			if ( btnNm == "cart" ) {
				callStatAjax("MWMART", "MWMART08", "MWMART0809");
			}else{
				callStatAjax("MWMART", "MWMART08", "MWMART0810");
			}
		} else {
			if ( btnNm == "cart" ) {
				callStatAjax("MWMART", "MWMART09", "MWMART0908");
			}else{
				callStatAjax("MWMART", "MWMART09", "MWMART0909");
			}
		}
	};
</script>

	<script type="text/javascript" language="javascript">

	var leafCtgrYn = 'N';

		$(document).ready(function(){
			makeMartPrdList({"totalCount":91,"prdList":[{"ctlgNo":"11943","tmemberShipRt":"0","basiUntCd":"10g당","dlvCstInstBasiCd":"05","ctlgStockNo":"3555325821","dispModelNm":"후르트텔라 요구르트 캔디 1050g x 1통","brandshopPointYn":null,"cardDscRtYN":"N","fresh":"상온","sellerOcb":0,"evt11stDate":false,"ctlgPrdCnt":"9","martPrmPrc":"118","prdEvlTotQtyStr":"56","prdEvlTotQty":"56","attrInfo":"","buySatisfy":"100","martFinalSelPrc":10500,"tmemDscRtYN":"N","prdnm":"","ecoNationIcon":"","mileageDscRtYN":"N","martPrmtCd":"","imgUrl":"http://i.011st.com/ex_t/R/247x247/1/90/1/src/cat/17/0/1/1/9/4/3/HLHPz/11943_1.jpg","dlv":"","sellerMileage":0,"prdNo":"958114815","mywayDscRt":null,"selPrc":10500,"frgftYn":"N","ctlgYn":"Y","ctlgAttrJson":{"fresh":"상온","nation":"인도네시아"},"auth":"","eco":""},{"ctlgNo":"11937","tmemberShipRt":"0","basiUntCd":"10g당","dlvCstInstBasiCd":"08","ctlgStockNo":"4285521243","dispModelNm":"밀크릿 400g x 1봉","brandshopPointYn":null,"cardDscRtYN":"N","fresh":"상온","sellerOcb":0,"evt11stDate":false,"ctlgPrdCnt":"2","martPrmPrc":"272","prdEvlTotQtyStr":"63","prdEvlTotQty":"63","attrInfo":"","buySatisfy":"100","martFinalSelPrc":10870,"tmemDscRtYN":"N","prdnm":"","ecoNationIcon":"","mileageDscRtYN":"N","martPrmtCd":"","imgUrl":"http://i.011st.com/ex_t/R/247x247/1/90/1/src/cat/17/0/1/1/9/3/7/ZoJma/11937_1.jpg","dlv":"","sellerMileage":0,"prdNo":"1168433025","mywayDscRt":null,"selPrc":12070,"frgftYn":"N","ctlgYn":"Y","ctlgAttrJson":{"fresh":"상온","nation":"한국"},"auth":"","eco":""},{"ctlgNo":"19644","tmemberShipRt":"0","basiUntCd":"10g당","dlvCstInstBasiCd":"04","ctlgStockNo":"5844715164","dispModelNm":"아이스블루 캔디 34g x 20개","brandshopPointYn":null,"cardDscRtYN":"N","fresh":"상온","sellerOcb":10,"evt11stDate":false,"ctlgPrdCnt":"1","martPrmPrc":"140","prdEvlTotQtyStr":"2","prdEvlTotQty":"2","attrInfo":"","buySatisfy":"100","martFinalSelPrc":9500,"tmemDscRtYN":"N","prdnm":"","ecoNationIcon":"","mileageDscRtYN":"N","martPrmtCd":"","imgUrl":"http://i.011st.com/ex_t/R/247x247/1/90/1/src/cat/17/0/1/9/6/4/4/aipEL/19644_1.jpg","dlv":"","sellerMileage":0,"prdNo":"1512012736","mywayDscRt":null,"selPrc":9510,"frgftYn":"N","ctlgYn":"Y","ctlgAttrJson":{"fresh":"상온","nation":"한국"},"auth":"","eco":""},{"ctlgNo":"12051","tmemberShipRt":"0","basiUntCd":"10g당","dlvCstInstBasiCd":"07","ctlgStockNo":"4062405334","dispModelNm":"청포도 캔디 128g x 1봉","brandshopPointYn":null,"cardDscRtYN":"N","fresh":"상온","sellerOcb":0,"evt11stDate":false,"ctlgPrdCnt":"1","martPrmPrc":"123","prdEvlTotQtyStr":"43","prdEvlTotQty":"43","attrInfo":"","buySatisfy":"100","martFinalSelPrc":1580,"tmemDscRtYN":"N","prdnm":"","ecoNationIcon":"","mileageDscRtYN":"N","martPrmtCd":"","imgUrl":"http://i.011st.com/ex_t/R/247x247/1/90/1/src/cat/17/0/1/2/0/5/1/bvabK/12051_1.jpg","dlv":"day","sellerMileage":0,"prdNo":"1104975997","mywayDscRt":null,"selPrc":1580,"frgftYn":"N","ctlgYn":"Y","ctlgAttrJson":{"dlv":"day","fresh":"상온","nation":"한국"},"auth":"","eco":""},{"ctlgNo":"11927","tmemberShipRt":"0","basiUntCd":"10g당","dlvCstInstBasiCd":"07","ctlgStockNo":"4056567867","dispModelNm":"마이쮸 딸기+복숭아 328g x 1봉","brandshopPointYn":null,"cardDscRtYN":"N","fresh":"상온","sellerOcb":0,"evt11stDate":false,"ctlgPrdCnt":"1","martPrmPrc":"134","prdEvlTotQtyStr":"179","prdEvlTotQty":"179","attrInfo":"","buySatisfy":"97","martFinalSelPrc":4380,"tmemDscRtYN":"N","prdnm":"","ecoNationIcon":"","mileageDscRtYN":"N","martPrmtCd":"","imgUrl":"http://i.011st.com/ex_t/R/247x247/1/90/1/src/cat/17/0/1/1/9/2/7/btDid/11927_1.jpg","dlv":"day","sellerMileage":0,"prdNo":"1103343229","mywayDscRt":null,"selPrc":4380,"frgftYn":"N","ctlgYn":"Y","ctlgAttrJson":{"dlv":"day","fresh":"상온","nation":"한국"},"auth":"","eco":""},{"ctlgNo":"21052","tmemberShipRt":"0","basiUntCd":"10g당","dlvCstInstBasiCd":"07","ctlgStockNo":"4102137098","dispModelNm":"호올스 허니레몬 캔디 34g x 20개","brandshopPointYn":null,"cardDscRtYN":"N","fresh":"상온","sellerOcb":0,"evt11stDate":false,"ctlgPrdCnt":"2","martPrmPrc":"176","prdEvlTotQtyStr":"43","prdEvlTotQty":"43","attrInfo":"","buySatisfy":"99","martFinalSelPrc":12000,"tmemDscRtYN":"N","prdnm":"","ecoNationIcon":"","mileageDscRtYN":"N","martPrmtCd":"","imgUrl":"http://i.011st.com/ex_t/R/247x247/1/90/1/src/cat/17/0/2/1/0/5/2/EoaRv/21052_1.jpg","dlv":"","sellerMileage":0,"prdNo":"1116368563","mywayDscRt":null,"selPrc":12000,"frgftYn":"N","ctlgYn":"Y","ctlgAttrJson":{"fresh":"상온","nation":"영국"},"auth":"","eco":""},{"ctlgNo":"12072","tmemberShipRt":"0","basiUntCd":"10g당","dlvCstInstBasiCd":"04","ctlgStockNo":"4593038826","dispModelNm":"미니 담라 소프트 캔디 2000g x 1개","brandshopPointYn":null,"cardDscRtYN":"N","fresh":"상온","sellerOcb":0,"evt11stDate":false,"ctlgPrdCnt":"1","martPrmPrc":"54","prdEvlTotQtyStr":"27","prdEvlTotQty":"27","attrInfo":"","buySatisfy":"99","martFinalSelPrc":10800,"tmemDscRtYN":"N","prdnm":"","ecoNationIcon":"","mileageDscRtYN":"N","martPrmtCd":"","imgUrl":"http://i.011st.com/ex_t/R/247x247/1/90/1/src/cat/17/0/1/2/0/7/2/HyHQQ/12072_1.jpg","dlv":"","sellerMileage":0,"prdNo":"1145129684","mywayDscRt":null,"selPrc":10800,"frgftYn":"N","ctlgYn":"Y","ctlgAttrJson":{"fresh":"상온","nation":"터키"},"auth":"","eco":""},{"ctlgNo":"30433","tmemberShipRt":"0","basiUntCd":"10g당","dlvCstInstBasiCd":"07","ctlgStockNo":"5176175028","dispModelNm":"애플오스 100g x 1개","brandshopPointYn":null,"cardDscRtYN":"N","fresh":"상온","sellerOcb":0,"evt11stDate":false,"ctlgPrdCnt":"1","martPrmPrc":"180","prdEvlTotQtyStr":"23","prdEvlTotQty":"23","attrInfo":"","buySatisfy":"100","martFinalSelPrc":1800,"tmemDscRtYN":"N","prdnm":"","ecoNationIcon":"","mileageDscRtYN":"N","martPrmtCd":"","imgUrl":"http://i.011st.com/ex_t/R/247x247/1/90/1/src/cat/17/0/3/0/4/3/3/KGheZ/30433_1.jpg","dlv":"","sellerMileage":0,"prdNo":"1029581941","mywayDscRt":null,"selPrc":2000,"frgftYn":"N","ctlgYn":"Y","ctlgAttrJson":{"fresh":"상온","nation":"독일"},"auth":"","eco":""},{"ctlgNo":"12103","tmemberShipRt":"0","basiUntCd":"10g당","dlvCstInstBasiCd":"07","ctlgStockNo":"4061991200","dispModelNm":"투시팝 미니어처 200g x 1봉","brandshopPointYn":null,"cardDscRtYN":"N","fresh":"상온","sellerOcb":0,"evt11stDate":false,"ctlgPrdCnt":"2","martPrmPrc":"180","prdEvlTotQtyStr":"21","prdEvlTotQty":"21","attrInfo":"","buySatisfy":"86","martFinalSelPrc":3590,"tmemDscRtYN":"N","prdnm":"","ecoNationIcon":"","mileageDscRtYN":"N","martPrmtCd":"","imgUrl":"http://i.011st.com/ex_t/R/247x247/1/90/1/src/cat/17/0/1/2/1/0/3/ZcSIO/12103_1.jpg","dlv":"day","sellerMileage":0,"prdNo":"1104889310","mywayDscRt":null,"selPrc":3590,"frgftYn":"N","ctlgYn":"Y","ctlgAttrJson":{"dlv":"day","fresh":"상온","nation":"한국"},"auth":"","eco":""},{"ctlgNo":"12031","tmemberShipRt":"0","basiUntCd":"10g당","dlvCstInstBasiCd":"07","ctlgStockNo":"2475055649","dispModelNm":"목캔디 허브 274g x 1봉","brandshopPointYn":null,"cardDscRtYN":"N","fresh":"상온","sellerOcb":0,"evt11stDate":false,"ctlgPrdCnt":"2","martPrmPrc":"145","prdEvlTotQtyStr":"14","prdEvlTotQty":"14","attrInfo":"","buySatisfy":"100","martFinalSelPrc":3980,"tmemDscRtYN":"N","prdnm":"","ecoNationIcon":"","mileageDscRtYN":"N","martPrmtCd":"","imgUrl":"http://i.011st.com/ex_t/R/247x247/1/90/1/src/cat/17/0/1/2/0/3/1/opVCi/12031_1.jpg","dlv":"day","sellerMileage":0,"prdNo":"510661360","mywayDscRt":null,"selPrc":3980,"frgftYn":"N","ctlgYn":"Y","ctlgAttrJson":{"dlv":"day","fresh":"상온","nation":"한국"},"auth":"","eco":""},{"ctlgNo":"12239","tmemberShipRt":"0","basiUntCd":"10g당","dlvCstInstBasiCd":"07","ctlgStockNo":"2475074423","dispModelNm":"통아몬드 캔디 90g x 1봉","brandshopPointYn":null,"cardDscRtYN":"N","fresh":"상온","sellerOcb":0,"evt11stDate":false,"ctlgPrdCnt":"1","martPrmPrc":"178","prdEvlTotQtyStr":"7","prdEvlTotQty":"7","attrInfo":"","buySatisfy":"100","martFinalSelPrc":1600,"tmemDscRtYN":"N","prdnm":"","ecoNationIcon":"","mileageDscRtYN":"N","martPrmtCd":"","imgUrl":"http://i.011st.com/ex_t/R/247x247/1/90/1/src/cat/17/0/1/2/2/3/9/zvGIG/12239_1.jpg","dlv":"day","sellerMileage":0,"prdNo":"510672301","mywayDscRt":null,"selPrc":1600,"frgftYn":"N","ctlgYn":"Y","ctlgAttrJson":{"dlv":"day","fresh":"상온","nation":"한국"},"auth":"","eco":""},{"ctlgNo":"44260","tmemberShipRt":"0","basiUntCd":"10g당","dlvCstInstBasiCd":"04","ctlgStockNo":"5844739066","dispModelNm":"호올스 블루베리 캔디 34g x 20개","brandshopPointYn":null,"cardDscRtYN":"N","fresh":"상온","sellerOcb":10,"evt11stDate":false,"ctlgPrdCnt":"2","martPrmPrc":"140","prdEvlTotQtyStr":"6","prdEvlTotQty":"6","attrInfo":"","buySatisfy":"100","martFinalSelPrc":9500,"tmemDscRtYN":"N","prdnm":"","ecoNationIcon":"","mileageDscRtYN":"N","martPrmtCd":"","imgUrl":"http://i.011st.com/ex_t/R/247x247/1/90/1/src/am/0/1/7/9/7/2/1512017972_B.jpg","dlv":"","sellerMileage":0,"prdNo":"1512017972","mywayDscRt":null,"selPrc":9510,"frgftYn":"N","ctlgYn":"Y","ctlgAttrJson":{"fresh":"상온","nation":"중국"},"auth":"","eco":""},{"ctlgNo":"1546261","tmemberShipRt":"0","basiUntCd":"10g당","dlvCstInstBasiCd":"07","ctlgStockNo":"5577866554","dispModelNm":"롯데제과 목캔디 허브 38g x 1개","brandshopPointYn":null,"cardDscRtYN":"N","fresh":"상온","sellerOcb":0,"evt11stDate":false,"ctlgPrdCnt":"1","martPrmPrc":"121","prdEvlTotQtyStr":"5","prdEvlTotQty":"5","attrInfo":"","buySatisfy":"100","martFinalSelPrc":460,"tmemDscRtYN":"N","prdnm":"","ecoNationIcon":"","mileageDscRtYN":"N","martPrmtCd":"","imgUrl":"http://i.011st.com/ex_t/R/247x247/1/90/1/src/cat/17/5/4/6/2/6/1/ZYLit/1546261_1.jpg","dlv":"","sellerMileage":0,"prdNo":"1452779747","mywayDscRt":null,"selPrc":460,"frgftYn":"N","ctlgYn":"Y","ctlgAttrJson":{"fresh":"상온","nation":"한국"},"auth":"","eco":""},{"ctlgNo":"1318369","tmemberShipRt":"0","basiUntCd":"10g당","dlvCstInstBasiCd":"07","ctlgStockNo":"5259374751","dispModelNm":"애니타임 자두 앤 복숭아 74g x 1개","brandshopPointYn":null,"cardDscRtYN":"N","fresh":"상온","sellerOcb":0,"evt11stDate":false,"ctlgPrdCnt":"1","martPrmPrc":"216","prdEvlTotQtyStr":"4","prdEvlTotQty":"4","attrInfo":"","buySatisfy":"100","martFinalSelPrc":1600,"tmemDscRtYN":"N","prdnm":"","ecoNationIcon":"","mileageDscRtYN":"N","martPrmtCd":"","imgUrl":"http://i.011st.com/ex_t/R/247x247/1/90/1/src/cat/17/3/1/8/3/6/9/zywhP/1318369_1.jpg","dlv":"day","sellerMileage":0,"prdNo":"1391249714","mywayDscRt":null,"selPrc":1600,"frgftYn":"N","ctlgYn":"Y","ctlgAttrJson":{"dlv":"day","fresh":"상온","nation":"한국"},"auth":"","eco":""},{"ctlgNo":"11916","tmemberShipRt":"0","basiUntCd":"10g당","dlvCstInstBasiCd":"04","ctlgStockNo":"4593027378","dispModelNm":"폴로 오리지날 1.8kg x 1봉","brandshopPointYn":null,"cardDscRtYN":"N","fresh":"상온","sellerOcb":0,"evt11stDate":false,"ctlgPrdCnt":"1","martPrmPrc":"108","prdEvlTotQtyStr":"4","prdEvlTotQty":"4","attrInfo":"","buySatisfy":"93","martFinalSelPrc":19400,"tmemDscRtYN":"N","prdnm":"","ecoNationIcon":"","mileageDscRtYN":"N","martPrmtCd":"","imgUrl":"http://i.011st.com/ex_t/R/247x247/1/90/1/src/cat/17/0/1/1/9/1/6/hYMEk/11916_1.jpg","dlv":"","sellerMileage":0,"prdNo":"543120545","mywayDscRt":null,"selPrc":19400,"frgftYn":"N","ctlgYn":"Y","ctlgAttrJson":{"fresh":"상온","nation":"스위스"},"auth":"","eco":""},{"ctlgNo":"12091","tmemberShipRt":"0","basiUntCd":"10g당","dlvCstInstBasiCd":"01","ctlgStockNo":"4492914671","dispModelNm":"츄파춥스 미니튜브 600g 50개입","brandshopPointYn":null,"cardDscRtYN":"N","fresh":"상온","sellerOcb":0,"evt11stDate":false,"ctlgPrdCnt":"1","martPrmPrc":"175","prdEvlTotQtyStr":"3","prdEvlTotQty":"3","attrInfo":"","buySatisfy":"100","martFinalSelPrc":10500,"tmemDscRtYN":"N","prdnm":"","ecoNationIcon":"","mileageDscRtYN":"N","martPrmtCd":"","imgUrl":"http://i.011st.com/ex_t/R/247x247/1/90/1/src/cat/17/0/1/2/0/9/1/YPjAV/12091_1.jpg","dlv":"free","sellerMileage":0,"prdNo":"1227532696","mywayDscRt":null,"selPrc":10500,"frgftYn":"N","ctlgYn":"Y","ctlgAttrJson":{"dlv":"free","fresh":"상온","nation":"베트남"},"auth":"","eco":""},{"ctlgNo":"459947","tmemberShipRt":"0","basiUntCd":"10g당","dlvCstInstBasiCd":"08","ctlgStockNo":"4295506926","dispModelNm":"마이쮸 자일리톨 포도 110g","brandshopPointYn":null,"cardDscRtYN":"N","fresh":"상온","sellerOcb":0,"evt11stDate":false,"ctlgPrdCnt":"2","martPrmPrc":"212","prdEvlTotQtyStr":"2","prdEvlTotQty":"2","attrInfo":"","buySatisfy":"100","martFinalSelPrc":2800,"tmemDscRtYN":"N","prdnm":"","ecoNationIcon":"","mileageDscRtYN":"N","martPrmtCd":"","imgUrl":"http://i.011st.com/ex_t/R/247x247/1/90/1/src/cat/17/4/5/9/9/4/7/pNQwk/459947_1.jpg","dlv":"","sellerMileage":0,"prdNo":"1171833225","mywayDscRt":null,"selPrc":2800,"frgftYn":"N","ctlgYn":"Y","ctlgAttrJson":{"fresh":"상온","nation":"한국"},"auth":"","eco":""},{"ctlgNo":"30399","tmemberShipRt":"0","basiUntCd":"10g당","dlvCstInstBasiCd":"08","ctlgStockNo":"4489923568","dispModelNm":"레귤러 캔디 550g x 1병","brandshopPointYn":null,"cardDscRtYN":"N","fresh":"상온","sellerOcb":0,"evt11stDate":false,"ctlgPrdCnt":"1","martPrmPrc":"127","prdEvlTotQtyStr":"2","prdEvlTotQty":"2","attrInfo":"","buySatisfy":"100","martFinalSelPrc":7000,"tmemDscRtYN":"N","prdnm":"","ecoNationIcon":"","mileageDscRtYN":"N","martPrmtCd":"","imgUrl":"http://i.011st.com/ex_t/R/247x247/1/90/1/src/cat/17/0/3/0/3/9/9/SVESN/30399_1.jpg","dlv":"","sellerMileage":0,"prdNo":"1227428945","mywayDscRt":null,"selPrc":8400,"frgftYn":"N","ctlgYn":"Y","ctlgAttrJson":{"fresh":"상온","nation":"한국"},"auth":"","eco":""},{"ctlgNo":"21058","tmemberShipRt":"0","basiUntCd":"10g당","dlvCstInstBasiCd":"04","ctlgStockNo":"5844727740","dispModelNm":"호올스 멘토립터스 캔디 34g x 20개","brandshopPointYn":null,"cardDscRtYN":"N","fresh":"상온","sellerOcb":10,"evt11stDate":false,"ctlgPrdCnt":"1","martPrmPrc":"140","prdEvlTotQtyStr":"2","prdEvlTotQty":"2","attrInfo":"","buySatisfy":"100","martFinalSelPrc":9500,"tmemDscRtYN":"N","prdnm":"","ecoNationIcon":"","mileageDscRtYN":"N","martPrmtCd":"","imgUrl":"http://i.011st.com/ex_t/R/247x247/1/90/1/src/cat/17/0/2/1/0/5/8/tkeZJ/21058_1.jpg","dlv":"","sellerMileage":0,"prdNo":"1512016920","mywayDscRt":null,"selPrc":9510,"frgftYn":"N","ctlgYn":"Y","ctlgAttrJson":{"fresh":"상온","nation":"영국"},"auth":"","eco":""},{"ctlgNo":"17181","tmemberShipRt":"0","basiUntCd":"10g당","dlvCstInstBasiCd":"08","ctlgStockNo":"4289693135","dispModelNm":"프루팁스 140g x 1개","brandshopPointYn":null,"cardDscRtYN":"N","fresh":"상온","sellerOcb":0,"evt11stDate":false,"ctlgPrdCnt":"1","martPrmPrc":"204","prdEvlTotQtyStr":"2","prdEvlTotQty":"2","attrInfo":"","buySatisfy":"50","martFinalSelPrc":2850,"tmemDscRtYN":"N","prdnm":"","ecoNationIcon":"","mileageDscRtYN":"N","martPrmtCd":"","imgUrl":"http://i.011st.com/ex_t/R/247x247/1/90/1/src/cat/17/0/1/7/1/8/1/gVFdy/17181_1.jpg","dlv":"","sellerMileage":0,"prdNo":"1169897718","mywayDscRt":null,"selPrc":2850,"frgftYn":"N","ctlgYn":"Y","ctlgAttrJson":{"fresh":"상온","nation":"스위스"},"auth":"","eco":""},{"ctlgNo":"1546262","tmemberShipRt":"0","basiUntCd":"10g당","dlvCstInstBasiCd":"07","ctlgStockNo":"5577866416","dispModelNm":"롯데제과 청포도 캔디 119g x 1봉","brandshopPointYn":null,"cardDscRtYN":"N","fresh":"상온","sellerOcb":0,"evt11stDate":false,"ctlgPrdCnt":"1","martPrmPrc":"109","prdEvlTotQtyStr":"1","prdEvlTotQty":"1","attrInfo":"","buySatisfy":"100","martFinalSelPrc":1300,"tmemDscRtYN":"N","prdnm":"","ecoNationIcon":"","mileageDscRtYN":"N","martPrmtCd":"","imgUrl":"http://i.011st.com/ex_t/R/247x247/1/90/1/src/cat/17/5/4/6/2/6/2/FpOwW/1546262_1.jpg","dlv":"","sellerMileage":0,"prdNo":"1452779728","mywayDscRt":null,"selPrc":1300,"frgftYn":"N","ctlgYn":"Y","ctlgAttrJson":{"fresh":"상온","nation":"한국"},"auth":"","eco":""},{"ctlgNo":"30431","tmemberShipRt":"0","basiUntCd":"10g당","dlvCstInstBasiCd":"07","ctlgStockNo":"2475159915","dispModelNm":"츄파춥스 미니 6g x 100개","brandshopPointYn":null,"cardDscRtYN":"N","fresh":"상온","sellerOcb":0,"evt11stDate":false,"ctlgPrdCnt":"1","martPrmPrc":"148","prdEvlTotQtyStr":"1","prdEvlTotQty":"1","attrInfo":"","buySatisfy":"100","martFinalSelPrc":8900,"tmemDscRtYN":"N","prdnm":"","ecoNationIcon":"","mileageDscRtYN":"N","martPrmtCd":"","imgUrl":"http://i.011st.com/ex_t/R/247x247/1/90/1/src/cat/17/0/3/0/4/3/1/Cnegn/30431_1.jpg","dlv":"day","sellerMileage":0,"prdNo":"510711960","mywayDscRt":null,"selPrc":8900,"frgftYn":"N","ctlgYn":"Y","ctlgAttrJson":{"dlv":"day","fresh":"상온","nation":"베트남"},"auth":"","eco":""},{"ctlgNo":"21049","tmemberShipRt":"0","basiUntCd":"10g당","dlvCstInstBasiCd":"07","ctlgStockNo":"6244445226","dispModelNm":"호올스 허니레몬 캔디 34g x 1개","brandshopPointYn":null,"cardDscRtYN":"N","fresh":"상온","sellerOcb":0,"evt11stDate":false,"ctlgPrdCnt":"1","martPrmPrc":"174","prdEvlTotQtyStr":"1","prdEvlTotQty":"1","attrInfo":"","buySatisfy":"0","martFinalSelPrc":590,"tmemDscRtYN":"N","prdnm":"","ecoNationIcon":"","mileageDscRtYN":"N","martPrmtCd":"","imgUrl":"http://i.011st.com/ex_t/R/247x247/1/90/1/src/cat/17/0/2/1/0/4/9/ACHqd/21049_1.jpg","dlv":"","sellerMileage":0,"prdNo":"1622282737","mywayDscRt":null,"selPrc":590,"frgftYn":"N","ctlgYn":"Y","ctlgAttrJson":{"fresh":"상온","nation":"영국"},"auth":"","eco":""},{"ctlgNo":"21055","tmemberShipRt":"0","basiUntCd":"10g당","dlvCstInstBasiCd":"07","ctlgStockNo":"6244445223","dispModelNm":"호올스 멘토립터스 캔디 34g x 1개","brandshopPointYn":null,"cardDscRtYN":"N","fresh":"상온","sellerOcb":0,"evt11stDate":false,"ctlgPrdCnt":"1","martPrmPrc":"174","prdEvlTotQtyStr":"1","prdEvlTotQty":"1","attrInfo":"","buySatisfy":"0","martFinalSelPrc":590,"tmemDscRtYN":"N","prdnm":"","ecoNationIcon":"","mileageDscRtYN":"N","martPrmtCd":"","imgUrl":"http://i.011st.com/ex_t/R/247x247/1/90/1/src/cat/17/0/2/1/0/5/5/xcjlt/21055_1.jpg","dlv":"","sellerMileage":0,"prdNo":"1622282737","mywayDscRt":null,"selPrc":590,"frgftYn":"N","ctlgYn":"Y","ctlgAttrJson":{"fresh":"상온","nation":"영국"},"auth":"","eco":""},{"ctlgNo":"19646","tmemberShipRt":"0","basiUntCd":"10g당","dlvCstInstBasiCd":"07","ctlgStockNo":"6244445225","dispModelNm":"호올스 블리스터 후레쉬라임 22.4g x 1개","brandshopPointYn":null,"cardDscRtYN":"N","fresh":"상온","sellerOcb":0,"evt11stDate":false,"ctlgPrdCnt":"1","martPrmPrc":"314","prdEvlTotQtyStr":"1","prdEvlTotQty":"1","attrInfo":"","buySatisfy":"0","martFinalSelPrc":690,"tmemDscRtYN":"N","prdnm":"","ecoNationIcon":"","mileageDscRtYN":"N","martPrmtCd":"","imgUrl":"http://i.011st.com/ex_t/R/247x247/1/90/1/src/cat/17/0/1/9/6/4/6/RRZQB/19646_1.jpg","dlv":"","sellerMileage":0,"prdNo":"1622282737","mywayDscRt":null,"selPrc":590,"frgftYn":"N","ctlgYn":"Y","ctlgAttrJson":{"fresh":"상온","nation":"한국"},"auth":"","eco":""},{"ctlgNo":"5259","tmemberShipRt":"0","basiUntCd":"10g당","dlvCstInstBasiCd":"07","ctlgStockNo":"6244445224","dispModelNm":"호올스 아이스블루 캔디 34g x 1개","brandshopPointYn":null,"cardDscRtYN":"N","fresh":"상온","sellerOcb":0,"evt11stDate":false,"ctlgPrdCnt":"1","martPrmPrc":"174","prdEvlTotQtyStr":"1","prdEvlTotQty":"1","attrInfo":"","buySatisfy":"0","martFinalSelPrc":590,"tmemDscRtYN":"N","prdnm":"","ecoNationIcon":"","mileageDscRtYN":"N","martPrmtCd":"","imgUrl":"http://i.011st.com/ex_t/R/247x247/1/90/1/src/cat/17/0/0/5/2/5/9/jtdBt/5259_1.jpg","dlv":"","sellerMileage":0,"prdNo":"1622282737","mywayDscRt":null,"selPrc":590,"frgftYn":"N","ctlgYn":"Y","ctlgAttrJson":{"fresh":"상온","nation":"영국"},"auth":"","eco":""},{"ctlgNo":"1546266","tmemberShipRt":"0","basiUntCd":"10g당","dlvCstInstBasiCd":"07","ctlgStockNo":"5577865812","dispModelNm":"롯데제과 아이스브레이커스 쿨민트 42g x 1개","brandshopPointYn":null,"cardDscRtYN":"N","fresh":"상온","sellerOcb":0,"evt11stDate":false,"ctlgPrdCnt":"1","martPrmPrc":"543","prdEvlTotQtyStr":"0","prdEvlTotQty":"0","attrInfo":"","buySatisfy":"100","martFinalSelPrc":2280,"tmemDscRtYN":"N","prdnm":"","ecoNationIcon":"","mileageDscRtYN":"N","martPrmtCd":"","imgUrl":"http://i.011st.com/ex_t/R/247x247/1/90/1/src/cat/17/5/4/6/2/6/6/sbqAz/1546266_1.jpg","dlv":"","sellerMileage":0,"prdNo":"1452779564","mywayDscRt":null,"selPrc":2280,"frgftYn":"N","ctlgYn":"Y","ctlgAttrJson":{"fresh":"상온","nation":"한국"},"auth":"","eco":""},{"ctlgNo":"463171","tmemberShipRt":"0","basiUntCd":"10g당","dlvCstInstBasiCd":"01","ctlgStockNo":"4496591565","dispModelNm":"로지애플 155g x 1개","brandshopPointYn":null,"cardDscRtYN":"N","fresh":"상온","sellerOcb":0,"evt11stDate":false,"ctlgPrdCnt":"1","martPrmPrc":"774","prdEvlTotQtyStr":"0","prdEvlTotQty":"0","attrInfo":"","buySatisfy":"0","martFinalSelPrc":12000,"tmemDscRtYN":"N","prdnm":"","ecoNationIcon":"","mileageDscRtYN":"N","martPrmtCd":"","imgUrl":"http://i.011st.com/ex_t/R/247x247/1/90/1/src/cat/17/4/6/3/1/7/1/urqOM/463171_1.jpg","dlv":"free","sellerMileage":0,"prdNo":"1229283132","mywayDscRt":null,"selPrc":12000,"frgftYn":"N","ctlgYn":"Y","ctlgAttrJson":{"dlv":"free","fresh":"상온","nation":"영국"},"auth":"","eco":""},{"ctlgNo":"12017","tmemberShipRt":"0","basiUntCd":"10g당","dlvCstInstBasiCd":"01","ctlgStockNo":"1782451997","dispModelNm":"츄파춥스 슬림휠 1440g 120개입","brandshopPointYn":null,"cardDscRtYN":"N","fresh":"상온","sellerOcb":0,"evt11stDate":false,"ctlgPrdCnt":"1","martPrmPrc":"138","prdEvlTotQtyStr":"0","prdEvlTotQty":"0","attrInfo":"","buySatisfy":"0","martFinalSelPrc":19900,"tmemDscRtYN":"N","prdnm":"","ecoNationIcon":"","mileageDscRtYN":"N","martPrmtCd":"","imgUrl":"http://i.011st.com/ex_t/R/247x247/1/90/1/src/cat/17/0/1/2/0/1/7/LAVdC/12017_1.jpg","dlv":"free","sellerMileage":0,"prdNo":"297319280","mywayDscRt":null,"selPrc":19900,"frgftYn":"N","ctlgYn":"Y","ctlgAttrJson":{"dlv":"free","fresh":"상온","nation":"한국"},"auth":"","eco":""},{"ctlgNo":"11952","tmemberShipRt":"0","basiUntCd":"10g당","dlvCstInstBasiCd":"08","ctlgStockNo":"3811118653","dispModelNm":"호올스 체리맛 캔디 34g x 20개","brandshopPointYn":null,"cardDscRtYN":"N","fresh":"상온","sellerOcb":0,"evt11stDate":false,"ctlgPrdCnt":"1","martPrmPrc":"199","prdEvlTotQtyStr":"0","prdEvlTotQty":"0","attrInfo":"","buySatisfy":"100","martFinalSelPrc":13500,"tmemDscRtYN":"N","prdnm":"","ecoNationIcon":"","mileageDscRtYN":"N","martPrmtCd":"","imgUrl":"http://i.011st.com/ex_t/R/247x247/1/90/1/src/cat/17/0/1/1/9/5/2/nYMWz/11952_1.png","dlv":"","sellerMileage":0,"prdNo":"1038776348","mywayDscRt":null,"selPrc":13500,"frgftYn":"N","ctlgYn":"Y","ctlgAttrJson":{"fresh":"상온","nation":"한국"},"auth":"","eco":""},{"ctlgNo":"5246","tmemberShipRt":"0","basiUntCd":"10g당","dlvCstInstBasiCd":"08","ctlgStockNo":"4489925628","dispModelNm":"스위스 허브캔디 레몬민트맛 100g x 1통","brandshopPointYn":null,"cardDscRtYN":"N","fresh":"상온","sellerOcb":0,"evt11stDate":false,"ctlgPrdCnt":"1","martPrmPrc":"300","prdEvlTotQtyStr":"0","prdEvlTotQty":"0","attrInfo":"","buySatisfy":"0","martFinalSelPrc":3000,"tmemDscRtYN":"N","prdnm":"","ecoNationIcon":"","mileageDscRtYN":"N","martPrmtCd":"","imgUrl":"http://i.011st.com/ex_t/R/247x247/1/90/1/src/cat/17/0/0/5/2/4/6/etchP/5246_1.jpg","dlv":"","sellerMileage":0,"prdNo":"1227429679","mywayDscRt":null,"selPrc":3600,"frgftYn":"N","ctlgYn":"Y","ctlgAttrJson":{"fresh":"상온","nation":"스위스"},"auth":"","eco":""},{"ctlgNo":"5249","tmemberShipRt":"0","basiUntCd":"10g당","dlvCstInstBasiCd":"08","ctlgStockNo":"4287603041","dispModelNm":"스위스 허브캔디 레몬민트맛 100g x 6통","brandshopPointYn":null,"cardDscRtYN":"N","fresh":"상온","sellerOcb":0,"evt11stDate":false,"ctlgPrdCnt":"1","martPrmPrc":"250","prdEvlTotQtyStr":"0","prdEvlTotQty":"0","attrInfo":"","buySatisfy":"100","martFinalSelPrc":15000,"tmemDscRtYN":"N","prdnm":"","ecoNationIcon":"","mileageDscRtYN":"N","martPrmtCd":"","imgUrl":"http://i.011st.com/ex_t/R/247x247/1/90/1/src/cat/17/0/0/5/2/4/9/tCAyU/5249_1.jpg","dlv":"","sellerMileage":0,"prdNo":"1169137903","mywayDscRt":null,"selPrc":16660,"frgftYn":"N","ctlgYn":"Y","ctlgAttrJson":{"fresh":"상온","nation":"스위스"},"auth":"","eco":""},{"ctlgNo":"5269","tmemberShipRt":"0","basiUntCd":"10g당","dlvCstInstBasiCd":"07","ctlgStockNo":"4083564571","dispModelNm":"자일리톨 알파 330g 6개입","brandshopPointYn":null,"cardDscRtYN":"N","fresh":"상온","sellerOcb":0,"evt11stDate":false,"ctlgPrdCnt":"1","martPrmPrc":"300","prdEvlTotQtyStr":"97","prdEvlTotQty":"97","attrInfo":"","buySatisfy":"99","martFinalSelPrc":9900,"tmemDscRtYN":"N","prdnm":"","ecoNationIcon":"","mileageDscRtYN":"N","martPrmtCd":"","imgUrl":"http://i.011st.com/ex_t/R/247x247/1/90/1/src/cat/17/0/0/5/2/6/9/fLXSp/5269_1.jpg","dlv":"day","sellerMileage":0,"prdNo":"1111589391","mywayDscRt":null,"selPrc":9900,"frgftYn":"N","ctlgYn":"Y","ctlgAttrJson":{"dlv":"day","fresh":"상온","nation":"한국"},"auth":"","eco":""},{"ctlgNo":"26255","tmemberShipRt":"0","basiUntCd":"10g당","dlvCstInstBasiCd":"08","ctlgStockNo":"4476490070","dispModelNm":"웰치스젤리 2kg x 1개","brandshopPointYn":null,"cardDscRtYN":"N","fresh":"상온","sellerOcb":0,"evt11stDate":false,"ctlgPrdCnt":"1","martPrmPrc":"1530","prdEvlTotQtyStr":"4","prdEvlTotQty":"4","attrInfo":"","buySatisfy":"100","martFinalSelPrc":30600,"tmemDscRtYN":"N","prdnm":"","ecoNationIcon":"","mileageDscRtYN":"N","martPrmtCd":"","imgUrl":"http://i.011st.com/ex_t/R/247x247/1/90/1/src/cat/17/0/2/6/2/5/5/fSXqH/26255_1.jpg","dlv":"","sellerMileage":0,"prdNo":"1223930272","mywayDscRt":null,"selPrc":30600,"frgftYn":"N","ctlgYn":"Y","ctlgAttrJson":{"fresh":"상온","nation":"한국"},"auth":"","eco":""},{"ctlgNo":"17187","tmemberShipRt":"0","basiUntCd":"10g당","dlvCstInstBasiCd":"08","ctlgStockNo":"4285520171","dispModelNm":"구미베어 2.72kg x 1봉","brandshopPointYn":null,"cardDscRtYN":"N","fresh":"상온","sellerOcb":0,"evt11stDate":false,"ctlgPrdCnt":"1","martPrmPrc":"65","prdEvlTotQtyStr":"4","prdEvlTotQty":"4","attrInfo":"","buySatisfy":"100","martFinalSelPrc":17610,"tmemDscRtYN":"N","prdnm":"","ecoNationIcon":"","mileageDscRtYN":"N","martPrmtCd":"","imgUrl":"http://i.011st.com/ex_t/R/247x247/1/90/1/src/cat/17/0/1/7/1/8/7/gmuTY/17187_1.jpg","dlv":"","sellerMileage":0,"prdNo":"1168432762","mywayDscRt":null,"selPrc":19560,"frgftYn":"N","ctlgYn":"Y","ctlgAttrJson":{"fresh":"상온","nation":"미국"},"auth":"","eco":""},{"ctlgNo":"11170","tmemberShipRt":"0","basiUntCd":"개당","dlvCstInstBasiCd":"07","ctlgStockNo":"4656445652","dispModelNm":"캔디통 HPL700 5L x 1개","brandshopPointYn":null,"cardDscRtYN":"N","fresh":"","sellerOcb":0,"evt11stDate":false,"ctlgPrdCnt":"1","martPrmPrc":"5990","prdEvlTotQtyStr":"26","prdEvlTotQty":"26","attrInfo":"","buySatisfy":"92","martFinalSelPrc":5990,"tmemDscRtYN":"N","prdnm":"","ecoNationIcon":"","mileageDscRtYN":"N","martPrmtCd":"","imgUrl":"http://i.011st.com/ex_t/R/247x247/1/90/1/src/cat/17/0/1/1/1/7/0/vXcGn/11170_1.jpg","dlv":"","sellerMileage":0,"prdNo":"1274993206","mywayDscRt":null,"selPrc":5990,"frgftYn":"N","ctlgYn":"Y","ctlgAttrJson":{"nation":"한국"},"auth":"","eco":""},{"ctlgNo":"30344","tmemberShipRt":"0","basiUntCd":"10g당","dlvCstInstBasiCd":"07","ctlgStockNo":"4075968205","dispModelNm":"쁘띠첼 스윗푸딩 로열커스터드 99g x 2개","brandshopPointYn":null,"cardDscRtYN":"N","fresh":"냉장","sellerOcb":0,"evt11stDate":false,"ctlgPrdCnt":"1","martPrmPrc":"181","prdEvlTotQtyStr":"9","prdEvlTotQty":"9","attrInfo":"","buySatisfy":"100","martFinalSelPrc":3580,"tmemDscRtYN":"N","prdnm":"","ecoNationIcon":"","mileageDscRtYN":"N","martPrmtCd":"","imgUrl":"http://i.011st.com/ex_t/R/247x247/1/90/1/src/cat/17/0/3/0/3/4/4/qtlmw/30344_1.jpg","dlv":"day","sellerMileage":0,"prdNo":"1109949517","mywayDscRt":null,"selPrc":3580,"frgftYn":"N","ctlgYn":"Y","ctlgAttrJson":{"dlv":"day","fresh":"냉장","nation":"한국"},"auth":"","eco":""},{"ctlgNo":"484008","tmemberShipRt":"0","basiUntCd":"10g당","dlvCstInstBasiCd":"07","ctlgStockNo":"5098220254","dispModelNm":"후라보노 오리지날 9매 x 1개","brandshopPointYn":null,"cardDscRtYN":"N","fresh":"상온","sellerOcb":0,"evt11stDate":false,"ctlgPrdCnt":"1","martPrmPrc":"308","prdEvlTotQtyStr":"7","prdEvlTotQty":"7","attrInfo":"","buySatisfy":"100","martFinalSelPrc":800,"tmemDscRtYN":"N","prdnm":"","ecoNationIcon":"","mileageDscRtYN":"N","martPrmtCd":"","imgUrl":"http://i.011st.com/ex_t/R/247x247/1/90/1/src/cat/17/4/8/4/0/0/8/TEwWG/484008_1.jpg","dlv":"day","sellerMileage":0,"prdNo":"1365710771","mywayDscRt":null,"selPrc":800,"frgftYn":"N","ctlgYn":"Y","ctlgAttrJson":{"dlv":"day","fresh":"상온"},"auth":"","eco":""},{"ctlgNo":"17138","tmemberShipRt":"0","basiUntCd":"10g당","dlvCstInstBasiCd":"07","ctlgStockNo":"5153423471","dispModelNm":"골드베렌젤리 980g x 1통","brandshopPointYn":null,"cardDscRtYN":"N","fresh":"상온","sellerOcb":0,"evt11stDate":false,"ctlgPrdCnt":"1","martPrmPrc":"143","prdEvlTotQtyStr":"758","prdEvlTotQty":"758","attrInfo":"","buySatisfy":"99","martFinalSelPrc":13980,"tmemDscRtYN":"N","prdnm":"","ecoNationIcon":"","mileageDscRtYN":"N","martPrmtCd":"","imgUrl":"http://i.011st.com/ex_t/R/247x247/1/90/1/src/cat/17/0/1/7/1/3/8/NBQDI/17138_1.jpg","dlv":"day","sellerMileage":0,"prdNo":"1373729753","mywayDscRt":null,"selPrc":13980,"frgftYn":"N","ctlgYn":"Y","ctlgAttrJson":{"dlv":"day","fresh":"상온","nation":"독일"},"auth":"","eco":""},{"ctlgNo":"11962","tmemberShipRt":"0","basiUntCd":"10g당","dlvCstInstBasiCd":"07","ctlgStockNo":"2724748706","dispModelNm":"마이쮸 포도+사과 328g x 1봉","brandshopPointYn":null,"cardDscRtYN":"N","fresh":"상온","sellerOcb":0,"evt11stDate":false,"ctlgPrdCnt":"2","martPrmPrc":"105","prdEvlTotQtyStr":"115","prdEvlTotQty":"115","attrInfo":"","buySatisfy":"99","martFinalSelPrc":3450,"tmemDscRtYN":"N","prdnm":"","ecoNationIcon":"","mileageDscRtYN":"N","martPrmtCd":"","imgUrl":"http://i.011st.com/ex_t/R/247x247/1/90/1/src/cat/17/0/1/1/9/6/2/Itzby/11962_1.jpg","dlv":"day","sellerMileage":0,"prdNo":"622178933","mywayDscRt":null,"selPrc":3450,"frgftYn":"N","ctlgYn":"Y","ctlgAttrJson":{"dlv":"day","fresh":"상온","nation":"한국"},"auth":"","eco":""},{"ctlgNo":"486151","tmemberShipRt":"0","basiUntCd":"10g당","dlvCstInstBasiCd":"07","ctlgStockNo":"5034897162","dispModelNm":"칼라 바이 더 풋 21g x 4팩","brandshopPointYn":null,"cardDscRtYN":"N","fresh":"상온","sellerOcb":0,"evt11stDate":false,"ctlgPrdCnt":"1","martPrmPrc":"261","prdEvlTotQtyStr":"51","prdEvlTotQty":"51","attrInfo":"","buySatisfy":"100","martFinalSelPrc":2190,"tmemDscRtYN":"N","prdnm":"","ecoNationIcon":"","mileageDscRtYN":"N","martPrmtCd":"","imgUrl":"http://i.011st.com/ex_t/R/247x247/1/90/1/src/cat/17/4/8/6/1/5/1/vdVKQ/486151_1.jpg","dlv":"day","sellerMileage":0,"prdNo":"1354278023","mywayDscRt":null,"selPrc":2190,"frgftYn":"N","ctlgYn":"Y","ctlgAttrJson":{"dlv":"day","fresh":"상온","nation":"미국"},"auth":"","eco":""},{"ctlgNo":"486143","tmemberShipRt":"0","basiUntCd":"10g당","dlvCstInstBasiCd":"07","ctlgStockNo":"5034896991","dispModelNm":"베리타이다이 21g x 4팩","brandshopPointYn":null,"cardDscRtYN":"N","fresh":"상온","sellerOcb":0,"evt11stDate":false,"ctlgPrdCnt":"1","martPrmPrc":"261","prdEvlTotQtyStr":"48","prdEvlTotQty":"48","attrInfo":"","buySatisfy":"96","martFinalSelPrc":2190,"tmemDscRtYN":"N","prdnm":"","ecoNationIcon":"","mileageDscRtYN":"N","martPrmtCd":"","imgUrl":"http://i.011st.com/ex_t/R/247x247/1/90/1/src/cat/17/4/8/6/1/4/3/ZbwVY/486143_1.jpg","dlv":"day","sellerMileage":0,"prdNo":"1354278010","mywayDscRt":null,"selPrc":2190,"frgftYn":"N","ctlgYn":"Y","ctlgAttrJson":{"dlv":"day","fresh":"상온","nation":"미국"},"auth":"","eco":""},{"ctlgNo":"486146","tmemberShipRt":"0","basiUntCd":"10g당","dlvCstInstBasiCd":"07","ctlgStockNo":"5034897261","dispModelNm":"스트로베리 21g x 4팩","brandshopPointYn":null,"cardDscRtYN":"N","fresh":"상온","sellerOcb":0,"evt11stDate":false,"ctlgPrdCnt":"1","martPrmPrc":"261","prdEvlTotQtyStr":"25","prdEvlTotQty":"25","attrInfo":"","buySatisfy":"90","martFinalSelPrc":2190,"tmemDscRtYN":"N","prdnm":"","ecoNationIcon":"","mileageDscRtYN":"N","martPrmtCd":"","imgUrl":"http://i.011st.com/ex_t/R/247x247/1/90/1/src/cat/17/4/8/6/1/4/6/yNWRC/486146_1.jpg","dlv":"day","sellerMileage":0,"prdNo":"1354278034","mywayDscRt":null,"selPrc":2190,"frgftYn":"N","ctlgYn":"Y","ctlgAttrJson":{"dlv":"day","fresh":"상온","nation":"미국"},"auth":"","eco":""},{"ctlgNo":"30429","tmemberShipRt":"0","basiUntCd":"10g당","dlvCstInstBasiCd":"07","ctlgStockNo":"4084444193","dispModelNm":"미니버거 모양젤리 800g x 1개","brandshopPointYn":null,"cardDscRtYN":"N","fresh":"상온","sellerOcb":0,"evt11stDate":false,"ctlgPrdCnt":"1","martPrmPrc":"249","prdEvlTotQtyStr":"18","prdEvlTotQty":"18","attrInfo":"","buySatisfy":"100","martFinalSelPrc":19900,"tmemDscRtYN":"N","prdnm":"","ecoNationIcon":"","mileageDscRtYN":"N","martPrmtCd":"","imgUrl":"http://i.011st.com/ex_t/R/247x247/1/90/1/src/cat/17/0/3/0/4/2/9/upXmI/30429_1.jpg","dlv":"day","sellerMileage":0,"prdNo":"1111845367","mywayDscRt":null,"selPrc":19900,"frgftYn":"N","ctlgYn":"Y","ctlgAttrJson":{"dlv":"day","fresh":"상온","nation":"독일"},"auth":"","eco":""},{"ctlgNo":"459938","tmemberShipRt":"0","basiUntCd":"10g당","dlvCstInstBasiCd":"07","ctlgStockNo":"4061117209","dispModelNm":"마이쮸 딸기 132g x 1개","brandshopPointYn":null,"cardDscRtYN":"N","fresh":"상온","sellerOcb":0,"evt11stDate":false,"ctlgPrdCnt":"2","martPrmPrc":"126","prdEvlTotQtyStr":"17","prdEvlTotQty":"17","attrInfo":"","buySatisfy":"100","martFinalSelPrc":1660,"tmemDscRtYN":"N","prdnm":"","ecoNationIcon":"","mileageDscRtYN":"N","martPrmtCd":"","imgUrl":"http://i.011st.com/ex_t/R/247x247/1/90/1/src/cat/17/4/5/9/9/3/8/oQlpR/459938_1.jpg","dlv":"day","sellerMileage":0,"prdNo":"1104722228","mywayDscRt":null,"selPrc":1660,"frgftYn":"N","ctlgYn":"Y","ctlgAttrJson":{"dlv":"day","fresh":"상온","nation":"한국"},"auth":"","eco":""},{"ctlgNo":"66680","tmemberShipRt":"0","basiUntCd":"10g당","dlvCstInstBasiCd":"07","ctlgStockNo":"4075982515","dispModelNm":"탱글탱글 상큼한 제리뽀 12개입 x 1봉 (720g)","brandshopPointYn":null,"cardDscRtYN":"N","fresh":"상온","sellerOcb":0,"evt11stDate":false,"ctlgPrdCnt":"1","martPrmPrc":"53","prdEvlTotQtyStr":"15","prdEvlTotQty":"15","attrInfo":"","buySatisfy":"100","martFinalSelPrc":3790,"tmemDscRtYN":"N","prdnm":"","ecoNationIcon":"","mileageDscRtYN":"N","martPrmtCd":"","imgUrl":"http://i.011st.com/ex_t/R/247x247/1/90/1/src/cat/17/0/6/6/6/8/0/GHdqB/66680_1.jpg","dlv":"day","sellerMileage":0,"prdNo":"1109952529","mywayDscRt":null,"selPrc":3790,"frgftYn":"N","ctlgYn":"Y","ctlgAttrJson":{"dlv":"day","fresh":"상온","nation":"한국"},"auth":"","eco":""},{"ctlgNo":"24254","tmemberShipRt":"0","basiUntCd":"10g당","dlvCstInstBasiCd":"01","ctlgStockNo":"4679391693","dispModelNm":"젤리스트로우 800g x 2개","brandshopPointYn":null,"cardDscRtYN":"N","fresh":"상온","sellerOcb":0,"evt11stDate":false,"ctlgPrdCnt":"1","martPrmPrc":"91","prdEvlTotQtyStr":"15","prdEvlTotQty":"15","attrInfo":"","buySatisfy":"100","martFinalSelPrc":14500,"tmemDscRtYN":"N","prdnm":"","ecoNationIcon":"","mileageDscRtYN":"N","martPrmtCd":"","imgUrl":"http://i.011st.com/ex_t/R/247x247/1/90/1/src/cat/17/0/2/4/2/5/4/KiOgF/24254_1.jpg","dlv":"free","sellerMileage":0,"prdNo":"1280766104","mywayDscRt":null,"selPrc":14500,"frgftYn":"N","ctlgYn":"Y","ctlgAttrJson":{"dlv":"free","fresh":"상온","nation":"대만"},"auth":"","eco":""},{"ctlgNo":"459940","tmemberShipRt":"0","basiUntCd":"10g당","dlvCstInstBasiCd":"07","ctlgStockNo":"4062293997","dispModelNm":"마이쮸 복숭아 132g x 1개","brandshopPointYn":null,"cardDscRtYN":"N","fresh":"상온","sellerOcb":0,"evt11stDate":false,"ctlgPrdCnt":"1","martPrmPrc":"126","prdEvlTotQtyStr":"13","prdEvlTotQty":"13","attrInfo":"","buySatisfy":"100","martFinalSelPrc":1660,"tmemDscRtYN":"N","prdnm":"","ecoNationIcon":"","mileageDscRtYN":"N","martPrmtCd":"","imgUrl":"http://i.011st.com/ex_t/R/247x247/1/90/1/src/cat/17/4/5/9/9/4/0/SwDJg/459940_1.jpg","dlv":"day","sellerMileage":0,"prdNo":"1104954195","mywayDscRt":null,"selPrc":1660,"frgftYn":"N","ctlgYn":"Y","ctlgAttrJson":{"dlv":"day","fresh":"상온","nation":"한국"},"auth":"","eco":""},{"ctlgNo":"484000","tmemberShipRt":"0","basiUntCd":"10g당","dlvCstInstBasiCd":"07","ctlgStockNo":"5098240847","dispModelNm":"아이스쿨 82g x 1통","brandshopPointYn":null,"cardDscRtYN":"N","fresh":"상온","sellerOcb":0,"evt11stDate":false,"ctlgPrdCnt":"1","martPrmPrc":"485","prdEvlTotQtyStr":"12","prdEvlTotQty":"12","attrInfo":"","buySatisfy":"100","martFinalSelPrc":3980,"tmemDscRtYN":"N","prdnm":"","ecoNationIcon":"<div class=\"mk\">\t<span class=\"ntn1\">HACCP<\/span><\/div>","mileageDscRtYN":"N","martPrmtCd":"","imgUrl":"http://i.011st.com/ex_t/R/247x247/1/90/1/src/cat/17/4/8/4/0/0/0/KXzmz/484000_1.jpg","dlv":"day","sellerMileage":0,"prdNo":"1365715219","mywayDscRt":null,"selPrc":3980,"frgftYn":"N","ctlgYn":"Y","ctlgAttrJson":{"dlv":"day","fresh":"상온","nation":"한국","auth":"O"},"auth":"O","eco":""},{"ctlgNo":"459949","tmemberShipRt":"0","basiUntCd":"10g당","dlvCstInstBasiCd":"08","ctlgStockNo":"4295504845","dispModelNm":"마이쮸 포도 132g x 1개","brandshopPointYn":null,"cardDscRtYN":"N","fresh":"상온","sellerOcb":0,"evt11stDate":false,"ctlgPrdCnt":"2","martPrmPrc":"120","prdEvlTotQtyStr":"12","prdEvlTotQty":"12","attrInfo":"","buySatisfy":"95","martFinalSelPrc":1580,"tmemDscRtYN":"N","prdnm":"","ecoNationIcon":"","mileageDscRtYN":"N","martPrmtCd":"","imgUrl":"http://i.011st.com/ex_t/R/247x247/1/90/1/src/cat/17/4/5/9/9/4/9/uPvUm/459949_1.jpg","dlv":"","sellerMileage":0,"prdNo":"1171832548","mywayDscRt":null,"selPrc":1580,"frgftYn":"N","ctlgYn":"Y","ctlgAttrJson":{"fresh":"상온","nation":"한국"},"auth":"","eco":""},{"ctlgNo":"484112","tmemberShipRt":"0","basiUntCd":"10g당","dlvCstInstBasiCd":"07","ctlgStockNo":"5102073118","dispModelNm":"츄파춥스 젤리핑키스 90g x 1개","brandshopPointYn":null,"cardDscRtYN":"N","fresh":"상온","sellerOcb":0,"evt11stDate":false,"ctlgPrdCnt":"1","martPrmPrc":"139","prdEvlTotQtyStr":"8","prdEvlTotQty":"8","attrInfo":"","buySatisfy":"100","martFinalSelPrc":1250,"tmemDscRtYN":"N","prdnm":"","ecoNationIcon":"","mileageDscRtYN":"N","martPrmtCd":"","imgUrl":"http://i.011st.com/ex_t/R/247x247/1/90/1/src/cat/17/4/8/4/1/1/2/SGyOP/484112_1.jpg","dlv":"day","sellerMileage":0,"prdNo":"1366445149","mywayDscRt":null,"selPrc":1250,"frgftYn":"N","ctlgYn":"Y","ctlgAttrJson":{"dlv":"day","fresh":"상온","nation":"한국"},"auth":"","eco":""},{"ctlgNo":"17174","tmemberShipRt":"0","basiUntCd":"10g당","dlvCstInstBasiCd":"07","ctlgStockNo":"4589279511","dispModelNm":"골드베렌젤리 200g x 1봉","brandshopPointYn":null,"cardDscRtYN":"N","fresh":"상온","sellerOcb":0,"evt11stDate":false,"ctlgPrdCnt":"1","martPrmPrc":"160","prdEvlTotQtyStr":"7","prdEvlTotQty":"7","attrInfo":"","buySatisfy":"100","martFinalSelPrc":3190,"tmemDscRtYN":"N","prdnm":"","ecoNationIcon":"","mileageDscRtYN":"N","martPrmtCd":"","imgUrl":"http://i.011st.com/ex_t/R/247x247/1/90/1/src/cat/17/0/1/7/1/7/4/rFrPf/17174_1.jpg","dlv":"day","sellerMileage":0,"prdNo":"1256346333","mywayDscRt":null,"selPrc":3190,"frgftYn":"N","ctlgYn":"Y","ctlgAttrJson":{"dlv":"day","fresh":"상온","nation":"독일"},"auth":"","eco":""},{"ctlgNo":"471262","tmemberShipRt":"0","basiUntCd":"10g당","dlvCstInstBasiCd":"07","ctlgStockNo":"4930975249","dispModelNm":"츄파춥스 젤리 사워게코 90g x 1개","brandshopPointYn":null,"cardDscRtYN":"N","fresh":"상온","sellerOcb":0,"evt11stDate":false,"ctlgPrdCnt":"1","martPrmPrc":"139","prdEvlTotQtyStr":"6","prdEvlTotQty":"6","attrInfo":"","buySatisfy":"100","martFinalSelPrc":1250,"tmemDscRtYN":"N","prdnm":"","ecoNationIcon":"","mileageDscRtYN":"N","martPrmtCd":"","imgUrl":"http://i.011st.com/ex_t/R/247x247/1/90/1/src/cat/17/4/7/1/2/6/2/oLwfq/471262_1.jpg","dlv":"day","sellerMileage":0,"prdNo":"1332451490","mywayDscRt":null,"selPrc":1250,"frgftYn":"N","ctlgYn":"Y","ctlgAttrJson":{"dlv":"day","fresh":"상온","nation":"한국"},"auth":"","eco":""},{"ctlgNo":"30347","tmemberShipRt":"0","basiUntCd":"10g당","dlvCstInstBasiCd":"08","ctlgStockNo":"3619074157","dispModelNm":"쁘띠첼 스윗푸딩 생크림커스터드 95g x 1개","brandshopPointYn":null,"cardDscRtYN":"N","fresh":"냉장","sellerOcb":0,"evt11stDate":false,"ctlgPrdCnt":"3","martPrmPrc":"195","prdEvlTotQtyStr":"6","prdEvlTotQty":"6","attrInfo":"","buySatisfy":"100","martFinalSelPrc":1850,"tmemDscRtYN":"N","prdnm":"","ecoNationIcon":"","mileageDscRtYN":"N","martPrmtCd":"","imgUrl":"http://i.011st.com/ex_t/R/247x247/1/90/1/src/cat/17/0/3/0/3/4/7/RrSre/30347_1.jpg","dlv":"","sellerMileage":0,"prdNo":"976562962","mywayDscRt":null,"selPrc":1880,"frgftYn":"N","ctlgYn":"Y","ctlgAttrJson":{"fresh":"냉장","nation":"한국"},"auth":"","eco":""},{"ctlgNo":"465026","tmemberShipRt":"0","basiUntCd":"10g당","dlvCstInstBasiCd":"07","ctlgStockNo":"5027684651","dispModelNm":"후라보노 레이디 9매 x 1개","brandshopPointYn":null,"cardDscRtYN":"N","fresh":"상온","sellerOcb":0,"evt11stDate":false,"ctlgPrdCnt":"1","martPrmPrc":"308","prdEvlTotQtyStr":"5","prdEvlTotQty":"5","attrInfo":"","buySatisfy":"100","martFinalSelPrc":800,"tmemDscRtYN":"N","prdnm":"","ecoNationIcon":"","mileageDscRtYN":"N","martPrmtCd":"","imgUrl":"http://i.011st.com/ex_t/R/247x247/1/90/1/src/cat/17/4/6/5/0/2/6/bjlnd/465026_1.jpg","dlv":"day","sellerMileage":0,"prdNo":"1353046945","mywayDscRt":null,"selPrc":800,"frgftYn":"N","ctlgYn":"Y","ctlgAttrJson":{"dlv":"day","fresh":"상온","nation":"한국"},"auth":"","eco":""},{"ctlgNo":"0","tmemberShipRt":"0","basiUntCd":"","dlvCstInstBasiCd":"01","ctlgStockNo":"","dispModelNm":"","brandshopPointYn":null,"cardDscRtYN":"N","fresh":"","sellerOcb":0,"evt11stDate":false,"ctlgPrdCnt":"","martPrmPrc":"","prdEvlTotQtyStr":"3","prdEvlTotQty":"3","attrInfo":"","buySatisfy":"93","martFinalSelPrc":20400,"tmemDscRtYN":"N","prdnm":"3+1 중외제약 업그레이드 유산균캔디(총 4병 52일분)","ecoNationIcon":"","mileageDscRtYN":"N","martPrmtCd":"","imgUrl":"http://i.011st.com/ex_t/R/195x195/1/90/1/src/pd/17/4/7/2/1/8/9/IDLrd/1448472189_B.jpg","dlv":"free","sellerMileage":0,"prdNo":"1448472189","mywayDscRt":null,"selPrc":21900,"frgftYn":"N","ctlgYn":"N","ctlgAttrJson":{"dlv":"free"},"auth":"","eco":""},{"ctlgNo":"459989","tmemberShipRt":"0","basiUntCd":"10g당","dlvCstInstBasiCd":"07","ctlgStockNo":"3883135573","dispModelNm":"땅콩 카라멜140g","brandshopPointYn":null,"cardDscRtYN":"N","fresh":"상온","sellerOcb":0,"evt11stDate":false,"ctlgPrdCnt":"1","martPrmPrc":"114","prdEvlTotQtyStr":"3","prdEvlTotQty":"3","attrInfo":"","buySatisfy":"0","martFinalSelPrc":1600,"tmemDscRtYN":"N","prdnm":"","ecoNationIcon":"","mileageDscRtYN":"N","martPrmtCd":"","imgUrl":"http://i.011st.com/ex_t/R/247x247/1/90/1/src/cat/17/4/5/9/9/8/9/ntfAO/459989_1.jpg","dlv":"day","sellerMileage":0,"prdNo":"1060768967","mywayDscRt":null,"selPrc":1600,"frgftYn":"N","ctlgYn":"Y","ctlgAttrJson":{"dlv":"day","fresh":"상온","nation":"한국"},"auth":"","eco":""},{"ctlgNo":"35984","tmemberShipRt":"0","basiUntCd":"100ml당","dlvCstInstBasiCd":"01","ctlgStockNo":"4161765503","dispModelNm":"쁘띠첼 워터젤리 자몽 에이드 130ml x 12개","brandshopPointYn":null,"cardDscRtYN":"N","fresh":"상온","sellerOcb":0,"evt11stDate":false,"ctlgPrdCnt":"2","martPrmPrc":"775","prdEvlTotQtyStr":"3","prdEvlTotQty":"3","attrInfo":"","buySatisfy":"100","martFinalSelPrc":12090,"tmemDscRtYN":"N","prdnm":"","ecoNationIcon":"","mileageDscRtYN":"N","martPrmtCd":"","imgUrl":"http://i.011st.com/ex_t/R/247x247/1/90/1/src/cat/17/0/3/5/9/8/4/HyzRs/35984_1.jpg","dlv":"free","sellerMileage":0,"prdNo":"1131834684","mywayDscRt":null,"selPrc":12800,"frgftYn":"N","ctlgYn":"Y","ctlgAttrJson":{"dlv":"free","fresh":"상온","nation":"한국"},"auth":"","eco":""},{"ctlgNo":"31911","tmemberShipRt":"0","basiUntCd":"10g당","dlvCstInstBasiCd":"08","ctlgStockNo":"4351580098","dispModelNm":"로니세라 캔디 30개입 x 1개","brandshopPointYn":null,"cardDscRtYN":"N","fresh":"상온","sellerOcb":0,"evt11stDate":false,"ctlgPrdCnt":"1","martPrmPrc":"945","prdEvlTotQtyStr":"3","prdEvlTotQty":"3","attrInfo":"","buySatisfy":"100","martFinalSelPrc":11340,"tmemDscRtYN":"N","prdnm":"","ecoNationIcon":"","mileageDscRtYN":"N","martPrmtCd":"","imgUrl":"http://i.011st.com/ex_t/R/247x247/1/90/1/src/cat/17/0/3/1/9/1/1/hZCMZ/31911_1.jpg","dlv":"","sellerMileage":0,"prdNo":"697019065","mywayDscRt":null,"selPrc":12750,"frgftYn":"N","ctlgYn":"Y","ctlgAttrJson":{"fresh":"상온","nation":"한국"},"auth":"","eco":""},{"ctlgNo":"26248","tmemberShipRt":"0","basiUntCd":"10g당","dlvCstInstBasiCd":"07","ctlgStockNo":"4075902187","dispModelNm":"프루티부시 200g x 1개","brandshopPointYn":null,"cardDscRtYN":"N","fresh":"상온","sellerOcb":0,"evt11stDate":false,"ctlgPrdCnt":"1","martPrmPrc":"175","prdEvlTotQtyStr":"3","prdEvlTotQty":"3","attrInfo":"","buySatisfy":"100","martFinalSelPrc":3500,"tmemDscRtYN":"N","prdnm":"","ecoNationIcon":"","mileageDscRtYN":"N","martPrmtCd":"","imgUrl":"http://i.011st.com/ex_t/R/247x247/1/90/1/src/cat/17/0/2/6/2/4/8/nNmBt/26248_1.jpg","dlv":"day","sellerMileage":0,"prdNo":"1109943903","mywayDscRt":null,"selPrc":3500,"frgftYn":"N","ctlgYn":"Y","ctlgAttrJson":{"dlv":"day","fresh":"상온","nation":"독일"},"auth":"","eco":""}],"rsCd":"SUCCESS","rsMsg":"","isNoSearchResult":false,"isBannedKeyword":false,"hasRsMsg":false});

			
			
		});

		var martSearchObj = {
				dispCtgrNo		: "0",
				jobType 		: "S",
				viewType 		: "base",
				pageNum 		: "1",
				sortCd 			: "P",
				searchKeyword	: '사탕',
				brandAttr 		: "",
				benefitAttr 	: "",
				customAttr 		: "",
				minPrice 		: "",
				maxPrice 		: ""
		};

		var chgFilter = function(ftIdx){
			$("#tabF>li").each(function(liIdx){
				if( (ftIdx-1) == liIdx ){
					if($(this).hasClass("apply on") && $("#cont"+(liIdx+1)).css("display") == "block"){
						$(this).removeClass("apply on");
						$("#cont"+(liIdx+1)).css("display", "none");
					}else{
						$(this).addClass("apply on");
						$("#cont"+(liIdx+1)).css("display", "block");
					}
				}else{
					$(this).removeClass("apply on");
					$("#cont"+(liIdx+1)).css("display", "none");
				}
			});
		}

		var isCostCheck = function(){
			// 최저가
			var minPriceTxt = $("#minPrice").val();
			if(!$.isNumeric(minPriceTxt)){
				alert('가격은 숫자만 입력할 수 있습니다.');
				$("#minPrice").val("");
				$("#minPrice").focus();
				return false;
			}

			// 최고가
			var maxPriceTxt = $("#maxPrice").val();
			if(!$.isNumeric(maxPriceTxt)){
				alert('가격은 숫자만 입력할 수 있습니다.');
				$("#maxPrice").val("");
				$("#maxPrice").focus();
				return false;
			}

			if(parseInt(minPriceTxt) > parseInt(maxPriceTxt)){
				alert('최소가격은 최대가격 보다 작아야 합니다.');
				$("#maxPrice").focus();
				return false;
			}

			return true;
		};

		var initSearchSet = function(attrType){

			// 브랜드 param 초기화
			if(attrType == "brand"){
				martSearchObj.brandAttr = "";
				$("#brandUl>li").each(function(){$(this).removeClass("on");});

				if("S" == "C"){
					callStatAjax("MWMART", "MWMART08", "MWMART0803");
				}else{
					callStatAjax("MWMART", "MWMART09", "MWMART0902");
				}
			}

			// 가격/혜택 param 초기화
			if(attrType == "benefit"){
				martSearchObj.benefitAttr = "";
				martSearchObj.minPrice = "";
				martSearchObj.maxPrice = "";

				$("#minPrice").val("");
				$("#maxPrice").val("");
				$("#cont3").find("button").each(function(){$(this).removeClass("on");});

				if("S" == "C"){
					callStatAjax("MWMART", "MWMART08", "MWMART0804");
				}else{
					callStatAjax("MWMART", "MWMART09", "MWMART0903");
				}
			}

			// 맞춤검색 param 초기화
			if(attrType == "customize"){
				martSearchObj.customAttr = "";

				$("[id^='titleFit_']").each(function(idx){
					$(this).removeClass("apply");
					$(this).html('전체<span class="s">(복수선택 가능)</span>');
				});

				$("[id^='popFit_']").each(function(idx){
					$(this).find("li").each(function(idx){
						$(this).removeClass("on");
					});
				});

				if("S" == "C"){
					callStatAjax("MWMART", "MWMART08", "MWMART0805");
				}else{
					callStatAjax("MWMART", "MWMART09", "MWMART0904");
				}
			}

			goAttrSearch();
		};

		var setSchParam = function(attrType, targetObj){

			var isValid = true;

			// 브랜드 param 세팅
			if(attrType == "brand"){
				var pObj = $(targetObj).parent();

				if(pObj.hasClass("on")){
					pObj.removeClass("on");
					martSearchObj.brandAttr = (martSearchObj.brandAttr).replace(pObj.attr("searchKey")+"@", "");
				}else{
					martSearchObj.brandAttr += pObj.attr("searchKey") + "@";
					pObj.addClass("on");
				}

				if("S" == "C"){
					callStatAjax("MWMART", "MWMART08", "MWMART0803");
				}else{
					callStatAjax("MWMART", "MWMART09", "MWMART0902");
				}
			}

			// 혜택 param 세팅
			if(attrType == "benefit"){
				var pObj = $(targetObj);

				if(pObj.hasClass("on")){
					pObj.removeClass("on");
					martSearchObj.benefitAttr = (martSearchObj.benefitAttr).replace(pObj.attr("searchKey")+"@", "");
				}else{
					martSearchObj.benefitAttr += pObj.attr("searchKey") + "@";
					pObj.addClass("on");
				}

				if("S" == "C"){
					callStatAjax("MWMART", "MWMART08", "MWMART0804");
				}else{
					callStatAjax("MWMART", "MWMART09", "MWMART0903");
				}
			}

			// 가격 param 체크/세팅
			if(attrType == "cost"){
				if(isCostCheck()){
					martSearchObj.minPrice = $("#minPrice").val();
					martSearchObj.maxPrice = $("#maxPrice").val();

					if("S" == "C"){
						callStatAjax("MWMART", "MWMART08", "MWMART0804");
					}else{
						callStatAjax("MWMART", "MWMART09", "MWMART0903");
					}
				}else{
					isValid = false;
				}
			}

			// 맞춤검색 param 세팅
			if(attrType == "customize"){
				var keyCd 	= targetObj[0];
				var job 	= targetObj[1];

				if(job == "S"){
					var title = "";
					$("#popFit_"+keyCd).find("li").each(function(idx){
						martSearchObj.customAttr = (martSearchObj.customAttr).replace($(this).attr("searchKey") + "@", "");
						if($(this).hasClass("on")){
							martSearchObj.customAttr += $(this).attr("searchKey") + "@";
							title += $(this).find("a").text()+", ";
						}
					});

					if(title == ""){
						$("#titleFit_"+keyCd).removeClass("apply");
						$("#titleFit_"+keyCd).html('전체<span class="s">(복수선택 가능)</span>');
					}else{
						title = title.substring(0, title.lastIndexOf(","));
						$("#titleFit_"+keyCd).addClass("apply");
						$("#titleFit_"+keyCd).html(title);
					}
					mwUI.layerPopClose('popFit_'+keyCd);

					if("S" == "C"){
						callStatAjax("MWMART", "MWMART08", "MWMART0805");
					}else{
						callStatAjax("MWMART", "MWMART09", "MWMART0904");
					}

				}else{
					$("#popFit_"+keyCd).find("li").each(function(idx){
						if(openEtcAttr.ckValue.indexOf($(this).attr("searchKey")) >= 0){
							$(this).addClass("on");
						}else{
							$(this).removeClass("on");
						}
					});

					mwUI.layerPopClose('popFit_'+keyCd);
					isValid = false;
				}
			}

			return isValid;
		};

		var goCtgrSearch = function(depth, dispCtgrNo){
			if("S" == "C" && depth == 3){
				callStatAjax("MWMART", "MWMART08", "MWMART0802");
			}else if("S" == "C"){
				callStatAjax("MWMART", "MWMART08", "MWMART0801");
			}else{
				callStatAjax("MWMART", "MWMART09", "MWMART0901");
			}

			if( "S" == "C" && depth == 1){
				setMCookie('MART_POS', 0 ,10);
				location.href = "http://m.11st.co.kr/MW/Mart/martCategory2Depth.tmall?mallType=mart&dispCtgrNo="+dispCtgrNo+"&dispCtgrNm=";
			}else{
				if(dispCtgrNo == null) dispCtgrNo = "";
				var url = "http://m.11st.co.kr/MW/Mart/searchMartPrdList.tmall?mallType=mart&dispCtgrNo=" + dispCtgrNo + "&jobType=S";
				if( "S" == "S"){
					url = url + "&searchKeyword=" + martSearchObj.searchKeyword;
				}
				location.href = url;
			}
		};

		var goAttrSearch = function(attrType, targetObj){
			var isValid = setSchParam(attrType, targetObj);

			if(isValid){
				if(attrType != "paging") martSearchObj.pageNum = 1;
				historySet();

				$.ajax({
					type : "get",
					async : true,
					url : "http://m.11st.co.kr/MW/Mart/getSearchListAjax.tmall",
					data : getReqParam(),
					contetnType : "application/x-www-urlencoded; charset=UTF=8",
					cache : false,
					dataType : "json",
					success : function(prdJsonData) {
						makeMartPrdList(prdJsonData);
					},
					error : function(e) {
					}
				});
			}
		};

		var goSortSearch = function(chooseIdx, isBack){
			var isSearch = false;
			$("#sortChoice>ul>li").each(function(idx){
				if(chooseIdx == idx && $(this).hasClass("on")){
					if(!isBack)	mwUI.viewToggle('sortChoice');
					return false;
				}else{
					if(chooseIdx == idx){
						$(this).addClass("on");
						$("[name=sortToggleTxt]").text($(this).find("a").text());
						isSearch = true;

						var sortCd = chooseIdx == 0 ? "P" : chooseIdx == 1 ? "L" : chooseIdx == 2 ? "H" : "I";
						martSearchObj.sortCd = sortCd;
					}else{
						$(this).removeClass("on");
					}
				}
			});

			if(isSearch && !isBack){
				if("S" == "C"){
					callStatAjax("MWMART", "MWMART08", "MWMART0806");
				}else{
					callStatAjax("MWMART", "MWMART09", "MWMART0905");
				}

				mwUI.viewToggle('sortChoice');
				goAttrSearch();
			}
		};

		var goViewSwitch = function(chooseIdx, isBack){
			$("#viewChoice>ul>li").each(function(idx){
				if(chooseIdx == idx && $(this).hasClass("on")){
					return false;
				}else{
					if(chooseIdx == idx){
						$(this).addClass("on");
						$("[name=viewToggleTxt]").text($(this).find("a>span").text());

						if(idx == 0){
							martSearchObj.viewType = "base";
							$("[name=viewToggleTxt]").addClass("base");
							$("[name=viewToggleTxt]").removeClass("gallery");
						}else{
							martSearchObj.viewType = "gallery";
							$("[name=viewToggleTxt]").addClass("gallery");
							$("[name=viewToggleTxt]").removeClass("base");
						}

						prdViewSwitch(idx);
						if(!isBack)	{
							historySet();

							if("S" == "C"){
								callStatAjax("MWMART", "MWMART08", "MWMART0807");
							}else{
								callStatAjax("MWMART", "MWMART09", "MWMART0906");
							}
						}

					}else{
						$(this).removeClass("on");
					}
				}
			});

			if(!isBack)	mwUI.viewToggle('viewChoice');
		};

		var etcAttrSelect = function(ckObj){
			if($(ckObj).parent().hasClass("on")){
				$(ckObj).parent().removeClass("on");
			}else{
				$(ckObj).parent().addClass("on");
			}
		};

		var openEtcAttr = function(keyCd){
			openEtcAttr.ckValue = "";
			$("#popFit_"+keyCd).find("li").each(function(idx){
				if($(this).hasClass("on")){
					openEtcAttr.ckValue += $(this).attr("searchKey") + "@";
				}
			});
		};

	</script>
<script src="./search_mart_prd_list_files/netfunnel.js" charset="UTF-8"></script><script src="./search_mart_prd_list_files/mwapptools.js"></script><script src="./search_mart_prd_list_files/mwapptools.js"></script></head>

<body class="grayType" data-feedly-mini="yes">
	<div id="wrap">

		<header>
	
	        

    	<script type="text/javascript">
	    	
		    window.addEventListener("load",  function() {
		    	try {
		    		var protocol = (window && window.location && window.location.protocol) ? window.location.protocol.replace(':', '') : "http";
		    		var element = document.createElement('script');
		    		var domainPrefix = "//c.m.011st.com/MW";
	    			if(protocol === "https") {
	    				domainPrefix = "//m.11st.co.kr/MW";
	    			}
	    			element.src = domainPrefix + "/js/lib/mwapptools.js";
	    			document.head.appendChild(element);
				} catch(e) {};
				
		    	gnbAppDownBnr();
		    }, false);
		    
			function gnbAppDownBnr(){
				try {
				    var partnerDirectYn = "";
				    var partnerCookieVal = getCookie('PARTNER_CD');
					partnerDirectYn = initialAppDownBnrData.PARTNERCD.WEB[partnerCookieVal];
					if (partnerDirectYn != "N"){
						if(!TMCookieUtil.getSubCookie(1, "elevenstAppDown") && getElevenstAppDownloadCookie('appType') == '') {
							if(document.getElementById('app_down_bnr')) {
					            document.getElementById('app_down_bnr').style.display = 'block';
							}
				        }
					}
				} catch(e){console.log(e);}
			}
		    
	    	function getElevenstAppDownloadCookie(cName) {
	            cName = cName + '=';
	            var cookieData = document.cookie;
	            var start = cookieData.indexOf(cName);
	            var cValue = '';
	            if(start != -1){
	                start += cName.length;
	                var end = cookieData.indexOf(';', start);
	                if(end == -1)end = cookieData.length;
	                cValue = cookieData.substring(start, end);
	            }
	            return unescape(cValue);
	        }

    		function closeElevenstAppDown() {
    			mwUI.viewToggle("app_down_bnr");
    			TMCookieUtil.add(1, "elevenstAppDown", "Y");
    		}

    		function call11stAppMain() {
    			var scheme = "://home";
    			var intentScheme = '#Intent;scheme=elevenst;package=com.elevenst;end';
    			mwapptools.web2app({ urlScheme : 'elevenst'+scheme, intentURI : 'intent'+scheme+intentScheme, storeURL: 'itms-apps://itunes.apple.com/app/id397938216?mt=8' });
    		}
    	</script>
	
	<div class="gnb_mw gnb_mart">
		<h1><a href="http://m.11st.co.kr/MW" title="홈으로 이동" data-clickurl="MWMART00" data-clickkey="MWMART0002">11번가</a></h1>
		<h2><a href="http://m.11st.co.kr/MW/Mart/main.tmall?mallType=mart" data-clickurl="MWMART00" data-clickkey="MWMART0003">마트11번가</a></h2>
			
		<a href="http://m.11st.co.kr/MW/Mart/getCategoryTab.tmall?mallType=mart" class="mu cate" data-clickurl="MWMART00" data-clickkey="MWMART0001">카테고리</a>
	
		<form id="search" name="searchForm" action="http://m.11st.co.kr/MW/Mart/searchMartPrdList.tmall?" method="get" onsubmit="searchSubmit();return false;">
			<fieldset>
				<legend>통합검색</legend>
				<div class="srch">
					<input type="search" id="decSearchKeyword" name="decSearchKeyword" value="사탕" title="검색어" onfocus="getInput();" onblur="releaseInput();" autocomplete="off" autocorrect="off" autocapitalize="off" onclick="fncStop();return false;" data-clickurl="WSRC00" data-clickkey="WSRC00" data-calltype="ajax">
					<button class="del" type="button" id="schdelbtn" style="display:none;" onclick="clearInputValue(&#39;decSearchKeyword&#39;);">검색어 삭제</button>
					<input type="submit" id="search_submit" value="검색" data-clickurl="MWMART01" data-clickkey="MWMART0101">
					<input type="hidden" id="searchType" name="searchType" value="mart">
					<input type="hidden" id="dispObjLnkUrl">
					<input type="hidden" id="searchKeyword" name="searchKeyword" value="">
					<input type="hidden" name="listType" value="">
					<input type="hidden" name="sortCd" value="P">
					<input type="hidden" name="showAdvProducts" value="Y">
					<input type="hidden" name="dispCtgrNo" value="">
					<input type="hidden" name="dispCtgrLevel" value="">
					<input type="hidden" name="pageNo" value="">
					<input type="hidden" name="inKeyword" value="">
					<input type="hidden" name="withoutKeyword" value="">
					<input type="hidden" name="previousKwd" value="">
					<input type="hidden" name="previousExcptKwd" value="">
					<input type="hidden" name="fromPrice" value="">
					<input type="hidden" name="toPrice" value="">
					<input type="hidden" name="discountCheck" value="">
					<input type="hidden" name="noInterestCheck" value="">
					<input type="hidden" name="freeDeliveryCheck" value="">
					<input type="hidden" name="worldDeliveryCheck" value="">
					<input type="hidden" name="isSearchInSearch" value="">
					<input type="hidden" name="isCategoryInSearch" value="">
					<input type="hidden" name="isBrandInSearch" value="">
					<input type="hidden" name="isOneCategorySearch" value="">
					<input type="hidden" name="brandName" value="">
					<input type="hidden" name="brandItemName" value="">
					<input type="hidden" name="brandTitle" value="">
					<input type="hidden" name="lCategoryNos" value="">
					<input type="hidden" name="mCategoryNos" value="">
					<input type="hidden" name="sCategoryNos" value="">
					<input type="hidden" name="dCategoryNos" value="">
					<input type="hidden" name="pageSize" value="0">
					<input type="hidden" name="jobType" value="S">
					<input type="hidden" name="mallType" value="mart">
					
					<input type="hidden" id="bsshopId" name="bsshopId" value="">
					<input type="hidden" name="subType" value="">
					<input type="hidden" name="isPMJeanYN" value="">
					<input type="hidden" name="lCtgrNo" value="">
		            <input type="hidden" name="mCtgrNo" value="">
		            <input type="hidden" name="sCtgrNo" value="">
		            <input type="hidden" name="dCtgrNo" value="">
					
				</div>
				<button type="button" class="prev" onclick="totalSch.close();">이전</button>
			</fieldset>
		</form>
	
		<a href="http://buy.m.11st.co.kr/MW/Cart/cartList.tmall" class="mu cart" data-clickurl="MWMART00" data-clickkey="MWMART0005">장바구니</a>
	
	</div>	
	<div id="kwd" class="kwd">
		<ul id="autoComplete"></ul>
		<ul id="autoCompleteKeyWord"></ul>
	</div>
	<script>
		(function() {
			var getCookie = function(cName) {
			    cName = cName + '=';
			    var cookieData = document.cookie;
			    var start = cookieData.indexOf(cName);
			    var cValue = '';
			    if(start != -1){
			         start += cName.length;
			         var end = cookieData.indexOf(';', start);
			         if(end == -1)end = cookieData.length;
			         cValue = cookieData.substring(start, end);
			    }
			    return unescape(cValue);
			};
			var getType = function() {
				return getCookie('appType');
			};
			var getVCA = function() {
				return getCookie('appVCA');
			};
			try {
			    var appType = getType();
			    var appVCA = Number(getVCA());
			    if((appType == 'appmw' || appType == 'appmwi') && appVCA >= 400) {
			    	document.querySelector('header').style.display = 'none';
		        	mwScript.addScript('/Hybrid/js/search.js');
			    } else if((appType == 'appmw_book' && appVCA > 111) 
					    || (appType == 'appmwi_book' && appVCA > 110)) {
			    	document.querySelector('header').style.display = 'none';
		        	mwScript.addScript('/Hybrid/js/search.js');
			    }
			} catch(e) {
				console.log(e);
			};
		}());
		var totalSch = {
				bodyclass : 'totalSearchType',
				open : function(){
					if(document.body.className.lastIndexOf(this.bodyclass) > -1) return false;
					document.body.className += ' ' + this.bodyclass;
					document.getElementById('kwd').style.display = 'block';
					document.getElementById('schdelbtn').style.display = 'block';
					
				},
				close : function(){
					jQuery("body").removeClass(totalSch.bodyclass);
					document.getElementById('kwd').style.display = 'none';
					document.getElementById('schdelbtn').style.display = 'none';
				}
			}
		
		var defaultSearchKeyword = "마트 상품을  검색해보세요!";

	</script>
</header>



		<!-- contents -->
		<section id="cts">

		
			<h1 class="tit_sch"><b>"사탕"</b> 검색결과</h1>
		
			<section class="s_filter" id="s_filter">
				<ul id="tabF" class="tab_ft">
					<li><a href="javascript:chgFilter(1);">카테고리</a></li>
					<li><a href="javascript:chgFilter(2);">브랜드</a></li>
					<li><a href="javascript:chgFilter(3);">가격/혜택</a></li>
					<li><a href="javascript:chgFilter(4);">맞춤검색</a></li>
				</ul>

				<!-- 카테고리 -->
				<div id="cont1" class="ft_cont">
					<h1>카테고리</h1>
				

				
					<div id="isc1" class="ct_list" style="overflow-y:auto;">
						<div class="area">
							<ul>
						
								<li>
									<a href="javascript:goCtgrSearch(3, &#39;948078&#39;);">농산물</a>
								</li>
						
								<li>
									<a href="javascript:goCtgrSearch(3, &#39;948080&#39;);">가공식품</a>
								</li>
						
								<li>
									<a href="javascript:goCtgrSearch(3, &#39;948081&#39;);">건강식품</a>
								</li>
						
								<li>
									<a href="javascript:goCtgrSearch(3, &#39;948082&#39;);">유아용품</a>
								</li>
						
								<li>
									<a href="javascript:goCtgrSearch(3, &#39;948087&#39;);">주방용품</a>
								</li>
						
							</ul>
						</div>
					</div>
				
					<div class="btm_a">
						<button type="button" class="cls" onclick="chgFilter(1);">닫기</button>
					</div>
				</div>

				<!-- 브랜드 -->
				<div id="cont2" class="ft_cont">
					<h1>브랜드</h1>
			
					<span class="note">중복선택 가능</span>
					<div id="isc2" class="brd_list" style="overflow-y:auto;">
						<div class="area">
							<ul id="brandUl">
						
								<li searchkey="1023_1026_1009"><a href="javascript:void(0);" onclick="goAttrSearch(&#39;brand&#39;, this);">CJ제일제당</a></li>
						
								<li searchkey="1023_1104_1009"><a href="javascript:void(0);" onclick="goAttrSearch(&#39;brand&#39;, this);">롯데</a></li>
						
								<li searchkey="1023_1901_1009"><a href="javascript:void(0);" onclick="goAttrSearch(&#39;brand&#39;, this);">크라운제과</a></li>
						
								<li searchkey="1023_1930_1009"><a href="javascript:void(0);" onclick="goAttrSearch(&#39;brand&#39;, this);">PerfettiVanMelle</a></li>
						
								<li searchkey="1023_1931_1009"><a href="javascript:void(0);" onclick="goAttrSearch(&#39;brand&#39;, this);">캐드베리</a></li>
						
								<li searchkey="1023_1933_1009"><a href="javascript:void(0);" onclick="goAttrSearch(&#39;brand&#39;, this);">리콜라</a></li>
						
								<li searchkey="1023_1952_1009"><a href="javascript:void(0);" onclick="goAttrSearch(&#39;brand&#39;, this);">롯데제과</a></li>
						
								<li searchkey="1023_2169_1072"><a href="javascript:void(0);" onclick="goAttrSearch(&#39;brand&#39;, this);">함소아</a></li>
						
								<li searchkey="1023_3341_1009"><a href="javascript:void(0);" onclick="goAttrSearch(&#39;brand&#39;, this);">후룻바이더풋</a></li>
						
								<li searchkey="1023_3342_1009"><a href="javascript:void(0);" onclick="goAttrSearch(&#39;brand&#39;, this);">트롤리</a></li>
						
								<li searchkey="1023_3343_1009"><a href="javascript:void(0);" onclick="goAttrSearch(&#39;brand&#39;, this);">하리보</a></li>
						
								<li searchkey="1023_3569_1009"><a href="javascript:void(0);" onclick="goAttrSearch(&#39;brand&#39;, this);">TSANGLININDUSTRIES CORP</a></li>
						
								<li searchkey="1023_10724_1030"><a href="javascript:void(0);" onclick="goAttrSearch(&#39;brand&#39;, this);">아이캔디</a></li>
						
							</ul>
						</div>
					</div>
			
					<div class="btm_a">
						<button type="reset" class="rst" onclick="initSearchSet(&#39;brand&#39;);">초기화</button>
						<button type="button" class="cls" onclick="chgFilter(2);">닫기</button>
					</div>
				</div>

				<!-- 가격/혜택 -->
				<div id="cont3" class="ft_cont">
					<h1>가격/혜택</h1>
					<div class="prc_sch">
						<div class="area">
							<table>
						
								<tbody><tr>
									<th scope="row" class="top">배송 &amp; 혜택<span>(중복선택 가능)</span></th>
									<td>
										<div class="bnf">
									
											<button type="button" onclick="goAttrSearch(&#39;benefit&#39;, this);" searchkey="dlv_day_com">당일배송</button>
									
											<button type="button" onclick="goAttrSearch(&#39;benefit&#39;, this);" searchkey="dlv_free_com">무료배송</button>
									
										</div>
									</td>
								</tr>
						
						
								<tr>
									<th scope="row">가격대</th>
									<td>
										<fieldset>
											<legend>가격검색</legend>
											<div class="prc">
												<span><input type="tel" title="최소가격" id="minPrice" name="minPrice" value=""><b>원</b></span>
												<span class="to">~</span>
												<span><input type="tel" title="최대가격" id="maxPrice" name="maxPrice" value=""><b>원</b></span>
												<button type="submit" onclick="goAttrSearch(&#39;cost&#39;);">검색</button>
											</div>
										</fieldset>
									</td>
								</tr>
							</tbody></table>
						</div>
					</div>
					<div class="btm_a">
						<button type="reset" class="rst" onclick="initSearchSet(&#39;benefit&#39;);">초기화</button>
						<button type="button" class="cls" onclick="chgFilter(3);">닫기</button>
					</div>
				</div>

				<!-- 맞춤검색 -->
				<div id="cont4" class="ft_cont">
					<h1>맞춤검색</h1>
			
					<div class="sch_list" style="overflow-y: auto;">
						<div class="area">
							<ul>
			
								<li>
									<span>나라별</span>
									<div><button type="button" onclick="mwUI.layerPop(&#39;popFit_nation&#39;); openEtcAttr(&#39;nation&#39;);" id="titleFit_nation">전체<span class="s">(복수선택 가능)</span></button></div>
								</li>
			
							</ul>
						</div>
					</div>
			
					<div class="btm_a">
						<button type="reset" class="rst" onclick="initSearchSet(&#39;customize&#39;);">초기화</button>
						<button type="button" class="cls" onclick="chgFilter(4);">닫기</button>
					</div>
				</div>
			</section>

			<section class="sort_view">
				<span class="all">상품 <b id="martPrdTotCnt">91</b> 개</span>

				<div class="choice">
					<div class="sort">
						<a href="http://m.11st.co.kr/MW/Mart/searchMartPrdList.tmall?decSearchKeyword=%BB%E7%C5%C1&amp;searchType=mart&amp;searchKeyword=%25EC%2582%25AC%25ED%2583%2595&amp;listType=&amp;sortCd=P&amp;showAdvProducts=Y&amp;dispCtgrNo=&amp;dispCtgrLevel=&amp;pageNo=&amp;inKeyword=&amp;withoutKeyword=&amp;previousKwd=&amp;previousExcptKwd=&amp;fromPrice=&amp;toPrice=&amp;discountCheck=&amp;noInterestCheck=&amp;freeDeliveryCheck=&amp;worldDeliveryCheck=&amp;isSearchInSearch=&amp;isCategoryInSearch=&amp;isBrandInSearch=&amp;isOneCategorySearch=&amp;brandName=&amp;brandItemName=&amp;brandTitle=&amp;lCategoryNos=&amp;mCategoryNos=&amp;sCategoryNos=&amp;dCategoryNos=&amp;pageSize=0&amp;jobType=S&amp;mallType=mart&amp;bsshopId=&amp;subType=&amp;isPMJeanYN=&amp;lCtgrNo=&amp;mCtgrNo=&amp;sCtgrNo=&amp;dCtgrNo=#sortChoice" class="btn_sort" onclick="mwUI.viewToggle(&#39;sortChoice&#39;);return false;" name="sortToggleTxt">판매인기순</a>
						<div id="sortChoice" class="lay_sv lay_sort">
							<span class="opa" onclick="mwUI.viewToggle(&#39;sortChoice&#39;);" name="sortToggleTxt">판매인기순</span>
							<ul>
								<li class="on"><a href="javascript:goSortSearch(0);">판매인기순</a></li>
								<li><a href="javascript:goSortSearch(1);">낮은 가격순</a></li>
								<li><a href="javascript:goSortSearch(2);">높은 가격순</a></li>
								<li><a href="javascript:goSortSearch(3);">후기 많은순</a></li>
							</ul>
						</div>
					</div>

					<div class="view">
						<a href="http://m.11st.co.kr/MW/Mart/searchMartPrdList.tmall?decSearchKeyword=%BB%E7%C5%C1&amp;searchType=mart&amp;searchKeyword=%25EC%2582%25AC%25ED%2583%2595&amp;listType=&amp;sortCd=P&amp;showAdvProducts=Y&amp;dispCtgrNo=&amp;dispCtgrLevel=&amp;pageNo=&amp;inKeyword=&amp;withoutKeyword=&amp;previousKwd=&amp;previousExcptKwd=&amp;fromPrice=&amp;toPrice=&amp;discountCheck=&amp;noInterestCheck=&amp;freeDeliveryCheck=&amp;worldDeliveryCheck=&amp;isSearchInSearch=&amp;isCategoryInSearch=&amp;isBrandInSearch=&amp;isOneCategorySearch=&amp;brandName=&amp;brandItemName=&amp;brandTitle=&amp;lCategoryNos=&amp;mCategoryNos=&amp;sCategoryNos=&amp;dCategoryNos=&amp;pageSize=0&amp;jobType=S&amp;mallType=mart&amp;bsshopId=&amp;subType=&amp;isPMJeanYN=&amp;lCtgrNo=&amp;mCtgrNo=&amp;sCtgrNo=&amp;dCtgrNo=#viewChoice" class="btn_view" onclick="mwUI.viewToggle(&#39;viewChoice&#39;);return false;"><span class="base" name="viewToggleTxt">리스트형보기</span></a>
						<div id="viewChoice" class="lay_sv lay_view">
							<span class="opa base" name="viewToggleTxt" onclick="mwUI.viewToggle(&#39;viewChoice&#39;);return false;">리스트형보기</span>
							<ul>
								<li class="on"><a href="javascript:goViewSwitch(0);"><span class="base">리스트형보기</span></a></li>
								<li><a href="javascript:goViewSwitch(1);"><span class="gallery">갤러리형보기</span></a></li>
							</ul>
						</div>
					</div>
				</div>
			</section>

			<ul class="mtlist_base" id="mart_prd_list_view"><li>	<a href="javascript:goMartLink(&#39;http://m.11st.co.kr/MW/Mart/martCatalogDetail.tmall?mallType=mart&amp;catalogNo=11943&#39;);">		<span class="thumb"><img src="search_mart_prd_list_files/11943_1.jpg" alt="후르트텔라 요구르트 캔디 1050g x 1통" onerror="javascript:this.src=&#39;/MW/img/product/no_image_100.gif&#39;;"></span>		<span class="info"><span class="ico">	</span><span class="name"> 후르트텔라 요구르트 캔디 1050g x 1통</span>	<span class="att"> <!-- 카탈로그형 --> 	</span>		</span>		<!-- 리스트 -->		<span class="grade" name="martBaseType"><span class="sati mj100">만족도 100%</span><span class="rev"><b>리뷰</b>(56)</span>		</span>		<!-- 갤러리 -->		<div name="martGalleryType" style="display:none;">		<div class="price">		<span class="prc"><b>10,500</b>원</span>		</div></div>		<div name="martBaseType">		<!-- 리스트 -->		<div class="price">			<!-- 카탈로그형 --><span class="prc"><b>10,500</b>원</span><span class="unit">(10g당118원)</span>		</div></div>	</a>		<!-- 카탈로그형 리스트 -->		<div name="baseButtonType">	<div class="btn_set"> <button type="button" class="cart" onclick="martGoToOrder(&#39;catalogInsertCart&#39;,&#39;958114815&#39;,&#39;3555325821&#39;,&#39;후르트텔라 요구르트 캔디 1050g x 1통&#39;);orderClickCode(&#39;cart&#39;);return false;">담기</button> <button type="button" class="buy" onclick="martGoToOrder(&#39;catalogDirectOrder&#39;,&#39;958114815&#39;,&#39;3555325821&#39;,&#39;후르트텔라 요구르트 캔디 1050g x 1통&#39;);orderClickCode(&#39;buy&#39;);return false;">구매</button></div></div>		<!-- 카탈로그형 갤러리 --> <div name="galleryButtonType" style="display:none;">	<div class="btn_set"> <span><button type="button" class="cart" onclick="martGoToOrder(&#39;catalogInsertCart&#39;,&#39;958114815&#39;,&#39;3555325821&#39;,&#39;후르트텔라 요구르트 캔디 1050g x 1통&#39;);orderClickCode(&#39;cart&#39;);return false;">담기</button></span> <span><button type="button" class="buy" onclick="martGoToOrder(&#39;catalogDirectOrder&#39;,&#39;958114815&#39;,&#39;3555325821&#39;,&#39;후르트텔라 요구르트 캔디 1050g x 1통&#39;);orderClickCode(&#39;buy&#39;);return false;">구매</button></span></div></div></li><li>	<a href="javascript:goMartLink(&#39;http://m.11st.co.kr/MW/Mart/martCatalogDetail.tmall?mallType=mart&amp;catalogNo=11937&#39;);">		<span class="thumb"><img src="search_mart_prd_list_files/11937_1.jpg" alt="밀크릿 400g x 1봉" onerror="javascript:this.src=&#39;/MW/img/product/no_image_100.gif&#39;;"></span>		<span class="info"><span class="ico">	</span><span class="name"> 밀크릿 400g x 1봉</span>	<span class="att"> <!-- 카탈로그형 --> 	</span>		</span>		<!-- 리스트 -->		<span class="grade" name="martBaseType"><span class="sati mj100">만족도 100%</span><span class="rev"><b>리뷰</b>(63)</span>		</span>		<!-- 갤러리 -->		<div name="martGalleryType" style="display:none;">		<div class="price">			<del>12,070원</del>		<span class="prc"><b>10,870</b>원</span>		</div></div>		<div name="martBaseType">		<!-- 리스트 -->		<div class="price">			<del>12,070원</del>			<!-- 카탈로그형 --><span class="prc"><b>10,870</b>원</span><span class="unit">(10g당272원)</span>		</div></div>	</a>		<!-- 카탈로그형 리스트 -->		<div name="baseButtonType">	<div class="btn_set"> <button type="button" class="cart" onclick="martGoToOrder(&#39;catalogInsertCart&#39;,&#39;1168433025&#39;,&#39;4285521243&#39;,&#39;밀크릿 400g x 1봉&#39;);orderClickCode(&#39;cart&#39;);return false;">담기</button> <button type="button" class="buy" onclick="martGoToOrder(&#39;catalogDirectOrder&#39;,&#39;1168433025&#39;,&#39;4285521243&#39;,&#39;밀크릿 400g x 1봉&#39;);orderClickCode(&#39;buy&#39;);return false;">구매</button></div></div>		<!-- 카탈로그형 갤러리 --> <div name="galleryButtonType" style="display:none;">	<div class="btn_set"> <span><button type="button" class="cart" onclick="martGoToOrder(&#39;catalogInsertCart&#39;,&#39;1168433025&#39;,&#39;4285521243&#39;,&#39;밀크릿 400g x 1봉&#39;);orderClickCode(&#39;cart&#39;);return false;">담기</button></span> <span><button type="button" class="buy" onclick="martGoToOrder(&#39;catalogDirectOrder&#39;,&#39;1168433025&#39;,&#39;4285521243&#39;,&#39;밀크릿 400g x 1봉&#39;);orderClickCode(&#39;buy&#39;);return false;">구매</button></span></div></div></li><li>	<a href="javascript:goMartLink(&#39;http://m.11st.co.kr/MW/Mart/martCatalogDetail.tmall?mallType=mart&amp;catalogNo=19644&#39;);">		<span class="thumb"><img src="search_mart_prd_list_files/19644_1.jpg" alt="아이스블루 캔디 34g x 20개" onerror="javascript:this.src=&#39;/MW/img/product/no_image_100.gif&#39;;"></span>		<span class="info"><span class="ico"><span class="ic ok">OK캐쉬백</span>	</span><span class="name"> 아이스블루 캔디 34g x 20개</span>	<span class="att"> <!-- 카탈로그형 --> 	</span>		</span>		<!-- 리스트 -->		<span class="grade" name="martBaseType"><span class="sati mj100">만족도 100%</span><span class="rev"><b>리뷰</b>(2)</span>		</span>		<!-- 갤러리 -->		<div name="martGalleryType" style="display:none;">		<div class="price">			<del>9,510원</del>		<span class="prc"><b>9,500</b>원</span>		</div></div>		<div name="martBaseType">		<!-- 리스트 -->		<div class="price">			<del>9,510원</del>			<!-- 카탈로그형 --><span class="prc"><b>9,500</b>원</span><span class="unit">(10g당140원)</span>		</div></div>	</a>		<!-- 카탈로그형 리스트 -->		<div name="baseButtonType">	<div class="btn_set"> <button type="button" class="cart" onclick="martGoToOrder(&#39;catalogInsertCart&#39;,&#39;1512012736&#39;,&#39;5844715164&#39;,&#39;아이스블루 캔디 34g x 20개&#39;);orderClickCode(&#39;cart&#39;);return false;">담기</button> <button type="button" class="buy" onclick="martGoToOrder(&#39;catalogDirectOrder&#39;,&#39;1512012736&#39;,&#39;5844715164&#39;,&#39;아이스블루 캔디 34g x 20개&#39;);orderClickCode(&#39;buy&#39;);return false;">구매</button></div></div>		<!-- 카탈로그형 갤러리 --> <div name="galleryButtonType" style="display:none;">	<div class="btn_set"> <span><button type="button" class="cart" onclick="martGoToOrder(&#39;catalogInsertCart&#39;,&#39;1512012736&#39;,&#39;5844715164&#39;,&#39;아이스블루 캔디 34g x 20개&#39;);orderClickCode(&#39;cart&#39;);return false;">담기</button></span> <span><button type="button" class="buy" onclick="martGoToOrder(&#39;catalogDirectOrder&#39;,&#39;1512012736&#39;,&#39;5844715164&#39;,&#39;아이스블루 캔디 34g x 20개&#39;);orderClickCode(&#39;buy&#39;);return false;">구매</button></span></div></div></li><li>	<a href="javascript:goMartLink(&#39;http://m.11st.co.kr/MW/Mart/martCatalogDetail.tmall?mallType=mart&amp;catalogNo=12051&#39;);">		<span class="thumb"><img src="search_mart_prd_list_files/12051_1.jpg" alt="청포도 캔디 128g x 1봉" onerror="javascript:this.src=&#39;/MW/img/product/no_image_100.gif&#39;;"></span>		<span class="info"><span class="ico"><span class="ic dy">당일배송</span>	</span><span class="name"> 청포도 캔디 128g x 1봉</span>	<span class="att"> <!-- 카탈로그형 --> 	</span>		</span>		<!-- 리스트 -->		<span class="grade" name="martBaseType"><span class="sati mj100">만족도 100%</span><span class="rev"><b>리뷰</b>(43)</span>		</span>		<!-- 갤러리 -->		<div name="martGalleryType" style="display:none;">		<div class="price">		<span class="prc"><b>1,580</b>원</span>		</div></div>		<div name="martBaseType">		<!-- 리스트 -->		<div class="price">			<!-- 카탈로그형 --><span class="prc"><b>1,580</b>원</span><span class="unit">(10g당123원)</span>		</div></div>	</a>		<!-- 카탈로그형 리스트 -->		<div name="baseButtonType">	<div class="btn_set"> <button type="button" class="cart" onclick="martGoToOrder(&#39;catalogInsertCart&#39;,&#39;1104975997&#39;,&#39;4062405334&#39;,&#39;청포도 캔디 128g x 1봉&#39;);orderClickCode(&#39;cart&#39;);return false;">담기</button> <button type="button" class="buy" onclick="martGoToOrder(&#39;catalogDirectOrder&#39;,&#39;1104975997&#39;,&#39;4062405334&#39;,&#39;청포도 캔디 128g x 1봉&#39;);orderClickCode(&#39;buy&#39;);return false;">구매</button></div></div>		<!-- 카탈로그형 갤러리 --> <div name="galleryButtonType" style="display:none;">	<div class="btn_set"> <span><button type="button" class="cart" onclick="martGoToOrder(&#39;catalogInsertCart&#39;,&#39;1104975997&#39;,&#39;4062405334&#39;,&#39;청포도 캔디 128g x 1봉&#39;);orderClickCode(&#39;cart&#39;);return false;">담기</button></span> <span><button type="button" class="buy" onclick="martGoToOrder(&#39;catalogDirectOrder&#39;,&#39;1104975997&#39;,&#39;4062405334&#39;,&#39;청포도 캔디 128g x 1봉&#39;);orderClickCode(&#39;buy&#39;);return false;">구매</button></span></div></div></li><li>	<a href="javascript:goMartLink(&#39;http://m.11st.co.kr/MW/Mart/martCatalogDetail.tmall?mallType=mart&amp;catalogNo=11927&#39;);">		<span class="thumb"><img src="search_mart_prd_list_files/11927_1.jpg" alt="마이쮸 딸기+복숭아 328g x 1봉" onerror="javascript:this.src=&#39;/MW/img/product/no_image_100.gif&#39;;"></span>		<span class="info"><span class="ico"><span class="ic dy">당일배송</span>	</span><span class="name"> 마이쮸 딸기+복숭아 328g x 1봉</span>	<span class="att"> <!-- 카탈로그형 --> 	</span>		</span>		<!-- 리스트 -->		<span class="grade" name="martBaseType"><span class="sati mj100">만족도 100%</span><span class="rev"><b>리뷰</b>(179)</span>		</span>		<!-- 갤러리 -->		<div name="martGalleryType" style="display:none;">		<div class="price">		<span class="prc"><b>4,380</b>원</span>		</div></div>		<div name="martBaseType">		<!-- 리스트 -->		<div class="price">			<!-- 카탈로그형 --><span class="prc"><b>4,380</b>원</span><span class="unit">(10g당134원)</span>		</div></div>	</a>		<!-- 카탈로그형 리스트 -->		<div name="baseButtonType">	<div class="btn_set"> <button type="button" class="cart" onclick="martGoToOrder(&#39;catalogInsertCart&#39;,&#39;1103343229&#39;,&#39;4056567867&#39;,&#39;마이쮸 딸기+복숭아 328g x 1봉&#39;);orderClickCode(&#39;cart&#39;);return false;">담기</button> <button type="button" class="buy" onclick="martGoToOrder(&#39;catalogDirectOrder&#39;,&#39;1103343229&#39;,&#39;4056567867&#39;,&#39;마이쮸 딸기+복숭아 328g x 1봉&#39;);orderClickCode(&#39;buy&#39;);return false;">구매</button></div></div>		<!-- 카탈로그형 갤러리 --> <div name="galleryButtonType" style="display:none;">	<div class="btn_set"> <span><button type="button" class="cart" onclick="martGoToOrder(&#39;catalogInsertCart&#39;,&#39;1103343229&#39;,&#39;4056567867&#39;,&#39;마이쮸 딸기+복숭아 328g x 1봉&#39;);orderClickCode(&#39;cart&#39;);return false;">담기</button></span> <span><button type="button" class="buy" onclick="martGoToOrder(&#39;catalogDirectOrder&#39;,&#39;1103343229&#39;,&#39;4056567867&#39;,&#39;마이쮸 딸기+복숭아 328g x 1봉&#39;);orderClickCode(&#39;buy&#39;);return false;">구매</button></span></div></div></li><li>	<a href="javascript:goMartLink(&#39;http://m.11st.co.kr/MW/Mart/martCatalogDetail.tmall?mallType=mart&amp;catalogNo=21052&#39;);">		<span class="thumb"><img src="search_mart_prd_list_files/21052_1.jpg" alt="호올스 허니레몬 캔디 34g x 20개" onerror="javascript:this.src=&#39;/MW/img/product/no_image_100.gif&#39;;"></span>		<span class="info"><span class="ico">	</span><span class="name"> 호올스 허니레몬 캔디 34g x 20개</span>	<span class="att"> <!-- 카탈로그형 --> 	</span>		</span>		<!-- 리스트 -->		<span class="grade" name="martBaseType"><span class="sati mj100">만족도 100%</span><span class="rev"><b>리뷰</b>(43)</span>		</span>		<!-- 갤러리 -->		<div name="martGalleryType" style="display:none;">		<div class="price">		<span class="prc"><b>12,000</b>원</span>		</div></div>		<div name="martBaseType">		<!-- 리스트 -->		<div class="price">			<!-- 카탈로그형 --><span class="prc"><b>12,000</b>원</span><span class="unit">(10g당176원)</span>		</div></div>	</a>		<!-- 카탈로그형 리스트 -->		<div name="baseButtonType">	<div class="btn_set"> <button type="button" class="cart" onclick="martGoToOrder(&#39;catalogInsertCart&#39;,&#39;1116368563&#39;,&#39;4102137098&#39;,&#39;호올스 허니레몬 캔디 34g x 20개&#39;);orderClickCode(&#39;cart&#39;);return false;">담기</button> <button type="button" class="buy" onclick="martGoToOrder(&#39;catalogDirectOrder&#39;,&#39;1116368563&#39;,&#39;4102137098&#39;,&#39;호올스 허니레몬 캔디 34g x 20개&#39;);orderClickCode(&#39;buy&#39;);return false;">구매</button></div></div>		<!-- 카탈로그형 갤러리 --> <div name="galleryButtonType" style="display:none;">	<div class="btn_set"> <span><button type="button" class="cart" onclick="martGoToOrder(&#39;catalogInsertCart&#39;,&#39;1116368563&#39;,&#39;4102137098&#39;,&#39;호올스 허니레몬 캔디 34g x 20개&#39;);orderClickCode(&#39;cart&#39;);return false;">담기</button></span> <span><button type="button" class="buy" onclick="martGoToOrder(&#39;catalogDirectOrder&#39;,&#39;1116368563&#39;,&#39;4102137098&#39;,&#39;호올스 허니레몬 캔디 34g x 20개&#39;);orderClickCode(&#39;buy&#39;);return false;">구매</button></span></div></div></li><li>	<a href="javascript:goMartLink(&#39;http://m.11st.co.kr/MW/Mart/martCatalogDetail.tmall?mallType=mart&amp;catalogNo=12072&#39;);">		<span class="thumb"><img src="search_mart_prd_list_files/12072_1.jpg" alt="미니 담라 소프트 캔디 2000g x 1개" onerror="javascript:this.src=&#39;/MW/img/product/no_image_100.gif&#39;;"></span>		<span class="info"><span class="ico">	</span><span class="name"> 미니 담라 소프트 캔디 2000g x 1개</span>	<span class="att"> <!-- 카탈로그형 --> 	</span>		</span>		<!-- 리스트 -->		<span class="grade" name="martBaseType"><span class="sati mj100">만족도 100%</span><span class="rev"><b>리뷰</b>(27)</span>		</span>		<!-- 갤러리 -->		<div name="martGalleryType" style="display:none;">		<div class="price">		<span class="prc"><b>10,800</b>원</span>		</div></div>		<div name="martBaseType">		<!-- 리스트 -->		<div class="price">			<!-- 카탈로그형 --><span class="prc"><b>10,800</b>원</span><span class="unit">(10g당54원)</span>		</div></div>	</a>		<!-- 카탈로그형 리스트 -->		<div name="baseButtonType">	<div class="btn_set"> <button type="button" class="cart" onclick="martGoToOrder(&#39;catalogInsertCart&#39;,&#39;1145129684&#39;,&#39;4593038826&#39;,&#39;미니 담라 소프트 캔디 2000g x 1개&#39;);orderClickCode(&#39;cart&#39;);return false;">담기</button> <button type="button" class="buy" onclick="martGoToOrder(&#39;catalogDirectOrder&#39;,&#39;1145129684&#39;,&#39;4593038826&#39;,&#39;미니 담라 소프트 캔디 2000g x 1개&#39;);orderClickCode(&#39;buy&#39;);return false;">구매</button></div></div>		<!-- 카탈로그형 갤러리 --> <div name="galleryButtonType" style="display:none;">	<div class="btn_set"> <span><button type="button" class="cart" onclick="martGoToOrder(&#39;catalogInsertCart&#39;,&#39;1145129684&#39;,&#39;4593038826&#39;,&#39;미니 담라 소프트 캔디 2000g x 1개&#39;);orderClickCode(&#39;cart&#39;);return false;">담기</button></span> <span><button type="button" class="buy" onclick="martGoToOrder(&#39;catalogDirectOrder&#39;,&#39;1145129684&#39;,&#39;4593038826&#39;,&#39;미니 담라 소프트 캔디 2000g x 1개&#39;);orderClickCode(&#39;buy&#39;);return false;">구매</button></span></div></div></li><li>	<a href="javascript:goMartLink(&#39;http://m.11st.co.kr/MW/Mart/martCatalogDetail.tmall?mallType=mart&amp;catalogNo=30433&#39;);">		<span class="thumb"><img src="search_mart_prd_list_files/30433_1.jpg" alt="애플오스 100g x 1개" onerror="javascript:this.src=&#39;/MW/img/product/no_image_100.gif&#39;;"></span>		<span class="info"><span class="ico">	</span><span class="name"> 애플오스 100g x 1개</span>	<span class="att"> <!-- 카탈로그형 --> 	</span>		</span>		<!-- 리스트 -->		<span class="grade" name="martBaseType"><span class="sati mj100">만족도 100%</span><span class="rev"><b>리뷰</b>(23)</span>		</span>		<!-- 갤러리 -->		<div name="martGalleryType" style="display:none;">		<div class="price">			<del>2,000원</del>		<span class="prc"><b>1,800</b>원</span>		</div></div>		<div name="martBaseType">		<!-- 리스트 -->		<div class="price">			<del>2,000원</del>			<!-- 카탈로그형 --><span class="prc"><b>1,800</b>원</span><span class="unit">(10g당180원)</span>		</div></div>	</a>		<!-- 카탈로그형 리스트 -->		<div name="baseButtonType">	<div class="btn_set"> <button type="button" class="cart" onclick="martGoToOrder(&#39;catalogInsertCart&#39;,&#39;1029581941&#39;,&#39;5176175028&#39;,&#39;애플오스 100g x 1개&#39;);orderClickCode(&#39;cart&#39;);return false;">담기</button> <button type="button" class="buy" onclick="martGoToOrder(&#39;catalogDirectOrder&#39;,&#39;1029581941&#39;,&#39;5176175028&#39;,&#39;애플오스 100g x 1개&#39;);orderClickCode(&#39;buy&#39;);return false;">구매</button></div></div>		<!-- 카탈로그형 갤러리 --> <div name="galleryButtonType" style="display:none;">	<div class="btn_set"> <span><button type="button" class="cart" onclick="martGoToOrder(&#39;catalogInsertCart&#39;,&#39;1029581941&#39;,&#39;5176175028&#39;,&#39;애플오스 100g x 1개&#39;);orderClickCode(&#39;cart&#39;);return false;">담기</button></span> <span><button type="button" class="buy" onclick="martGoToOrder(&#39;catalogDirectOrder&#39;,&#39;1029581941&#39;,&#39;5176175028&#39;,&#39;애플오스 100g x 1개&#39;);orderClickCode(&#39;buy&#39;);return false;">구매</button></span></div></div></li><li>	<a href="javascript:goMartLink(&#39;http://m.11st.co.kr/MW/Mart/martCatalogDetail.tmall?mallType=mart&amp;catalogNo=12103&#39;);">		<span class="thumb"><img src="search_mart_prd_list_files/12103_1.jpg" alt="투시팝 미니어처 200g x 1봉" onerror="javascript:this.src=&#39;/MW/img/product/no_image_100.gif&#39;;"></span>		<span class="info"><span class="ico"><span class="ic dy">당일배송</span>	</span><span class="name"> 투시팝 미니어처 200g x 1봉</span>	<span class="att"> <!-- 카탈로그형 --> 	</span>		</span>		<!-- 리스트 -->		<span class="grade" name="martBaseType"><span class="sati mj90">만족도 90%</span><span class="rev"><b>리뷰</b>(21)</span>		</span>		<!-- 갤러리 -->		<div name="martGalleryType" style="display:none;">		<div class="price">		<span class="prc"><b>3,590</b>원</span>		</div></div>		<div name="martBaseType">		<!-- 리스트 -->		<div class="price">			<!-- 카탈로그형 --><span class="prc"><b>3,590</b>원</span><span class="unit">(10g당180원)</span>		</div></div>	</a>		<!-- 카탈로그형 리스트 -->		<div name="baseButtonType">	<div class="btn_set"> <button type="button" class="cart" onclick="martGoToOrder(&#39;catalogInsertCart&#39;,&#39;1104889310&#39;,&#39;4061991200&#39;,&#39;투시팝 미니어처 200g x 1봉&#39;);orderClickCode(&#39;cart&#39;);return false;">담기</button> <button type="button" class="buy" onclick="martGoToOrder(&#39;catalogDirectOrder&#39;,&#39;1104889310&#39;,&#39;4061991200&#39;,&#39;투시팝 미니어처 200g x 1봉&#39;);orderClickCode(&#39;buy&#39;);return false;">구매</button></div></div>		<!-- 카탈로그형 갤러리 --> <div name="galleryButtonType" style="display:none;">	<div class="btn_set"> <span><button type="button" class="cart" onclick="martGoToOrder(&#39;catalogInsertCart&#39;,&#39;1104889310&#39;,&#39;4061991200&#39;,&#39;투시팝 미니어처 200g x 1봉&#39;);orderClickCode(&#39;cart&#39;);return false;">담기</button></span> <span><button type="button" class="buy" onclick="martGoToOrder(&#39;catalogDirectOrder&#39;,&#39;1104889310&#39;,&#39;4061991200&#39;,&#39;투시팝 미니어처 200g x 1봉&#39;);orderClickCode(&#39;buy&#39;);return false;">구매</button></span></div></div></li><li>	<a href="javascript:goMartLink(&#39;http://m.11st.co.kr/MW/Mart/martCatalogDetail.tmall?mallType=mart&amp;catalogNo=12031&#39;);">		<span class="thumb"><img src="search_mart_prd_list_files/12031_1.jpg" alt="목캔디 허브 274g x 1봉" onerror="javascript:this.src=&#39;/MW/img/product/no_image_100.gif&#39;;"></span>		<span class="info"><span class="ico"><span class="ic dy">당일배송</span>	</span><span class="name"> 목캔디 허브 274g x 1봉</span>	<span class="att"> <!-- 카탈로그형 --> 	</span>		</span>		<!-- 리스트 -->		<span class="grade" name="martBaseType"><span class="sati mj100">만족도 100%</span><span class="rev"><b>리뷰</b>(14)</span>		</span>		<!-- 갤러리 -->		<div name="martGalleryType" style="display:none;">		<div class="price">		<span class="prc"><b>3,980</b>원</span>		</div></div>		<div name="martBaseType">		<!-- 리스트 -->		<div class="price">			<!-- 카탈로그형 --><span class="prc"><b>3,980</b>원</span><span class="unit">(10g당145원)</span>		</div></div>	</a>		<!-- 카탈로그형 리스트 -->		<div name="baseButtonType">	<div class="btn_set"> <button type="button" class="cart" onclick="martGoToOrder(&#39;catalogInsertCart&#39;,&#39;510661360&#39;,&#39;2475055649&#39;,&#39;목캔디 허브 274g x 1봉&#39;);orderClickCode(&#39;cart&#39;);return false;">담기</button> <button type="button" class="buy" onclick="martGoToOrder(&#39;catalogDirectOrder&#39;,&#39;510661360&#39;,&#39;2475055649&#39;,&#39;목캔디 허브 274g x 1봉&#39;);orderClickCode(&#39;buy&#39;);return false;">구매</button></div></div>		<!-- 카탈로그형 갤러리 --> <div name="galleryButtonType" style="display:none;">	<div class="btn_set"> <span><button type="button" class="cart" onclick="martGoToOrder(&#39;catalogInsertCart&#39;,&#39;510661360&#39;,&#39;2475055649&#39;,&#39;목캔디 허브 274g x 1봉&#39;);orderClickCode(&#39;cart&#39;);return false;">담기</button></span> <span><button type="button" class="buy" onclick="martGoToOrder(&#39;catalogDirectOrder&#39;,&#39;510661360&#39;,&#39;2475055649&#39;,&#39;목캔디 허브 274g x 1봉&#39;);orderClickCode(&#39;buy&#39;);return false;">구매</button></span></div></div></li><li>	<a href="javascript:goMartLink(&#39;http://m.11st.co.kr/MW/Mart/martCatalogDetail.tmall?mallType=mart&amp;catalogNo=12239&#39;);">		<span class="thumb"><img src="search_mart_prd_list_files/12239_1.jpg" alt="통아몬드 캔디 90g x 1봉" onerror="javascript:this.src=&#39;/MW/img/product/no_image_100.gif&#39;;"></span>		<span class="info"><span class="ico"><span class="ic dy">당일배송</span>	</span><span class="name"> 통아몬드 캔디 90g x 1봉</span>	<span class="att"> <!-- 카탈로그형 --> 	</span>		</span>		<!-- 리스트 -->		<span class="grade" name="martBaseType"><span class="sati mj100">만족도 100%</span><span class="rev"><b>리뷰</b>(7)</span>		</span>		<!-- 갤러리 -->		<div name="martGalleryType" style="display:none;">		<div class="price">		<span class="prc"><b>1,600</b>원</span>		</div></div>		<div name="martBaseType">		<!-- 리스트 -->		<div class="price">			<!-- 카탈로그형 --><span class="prc"><b>1,600</b>원</span><span class="unit">(10g당178원)</span>		</div></div>	</a>		<!-- 카탈로그형 리스트 -->		<div name="baseButtonType">	<div class="btn_set"> <button type="button" class="cart" onclick="martGoToOrder(&#39;catalogInsertCart&#39;,&#39;510672301&#39;,&#39;2475074423&#39;,&#39;통아몬드 캔디 90g x 1봉&#39;);orderClickCode(&#39;cart&#39;);return false;">담기</button> <button type="button" class="buy" onclick="martGoToOrder(&#39;catalogDirectOrder&#39;,&#39;510672301&#39;,&#39;2475074423&#39;,&#39;통아몬드 캔디 90g x 1봉&#39;);orderClickCode(&#39;buy&#39;);return false;">구매</button></div></div>		<!-- 카탈로그형 갤러리 --> <div name="galleryButtonType" style="display:none;">	<div class="btn_set"> <span><button type="button" class="cart" onclick="martGoToOrder(&#39;catalogInsertCart&#39;,&#39;510672301&#39;,&#39;2475074423&#39;,&#39;통아몬드 캔디 90g x 1봉&#39;);orderClickCode(&#39;cart&#39;);return false;">담기</button></span> <span><button type="button" class="buy" onclick="martGoToOrder(&#39;catalogDirectOrder&#39;,&#39;510672301&#39;,&#39;2475074423&#39;,&#39;통아몬드 캔디 90g x 1봉&#39;);orderClickCode(&#39;buy&#39;);return false;">구매</button></span></div></div></li><li>	<a href="javascript:goMartLink(&#39;http://m.11st.co.kr/MW/Mart/martCatalogDetail.tmall?mallType=mart&amp;catalogNo=44260&#39;);">		<span class="thumb"><img src="search_mart_prd_list_files/1512017972_B.jpg" alt="호올스 블루베리 캔디 34g x 20개" onerror="javascript:this.src=&#39;/MW/img/product/no_image_100.gif&#39;;"></span>		<span class="info"><span class="ico"><span class="ic ok">OK캐쉬백</span>	</span><span class="name"> 호올스 블루베리 캔디 34g x 20개</span>	<span class="att"> <!-- 카탈로그형 --> 	</span>		</span>		<!-- 리스트 -->		<span class="grade" name="martBaseType"><span class="sati mj100">만족도 100%</span><span class="rev"><b>리뷰</b>(6)</span>		</span>		<!-- 갤러리 -->		<div name="martGalleryType" style="display:none;">		<div class="price">			<del>9,510원</del>		<span class="prc"><b>9,500</b>원</span>		</div></div>		<div name="martBaseType">		<!-- 리스트 -->		<div class="price">			<del>9,510원</del>			<!-- 카탈로그형 --><span class="prc"><b>9,500</b>원</span><span class="unit">(10g당140원)</span>		</div></div>	</a>		<!-- 카탈로그형 리스트 -->		<div name="baseButtonType">	<div class="btn_set"> <button type="button" class="cart" onclick="martGoToOrder(&#39;catalogInsertCart&#39;,&#39;1512017972&#39;,&#39;5844739066&#39;,&#39;호올스 블루베리 캔디 34g x 20개&#39;);orderClickCode(&#39;cart&#39;);return false;">담기</button> <button type="button" class="buy" onclick="martGoToOrder(&#39;catalogDirectOrder&#39;,&#39;1512017972&#39;,&#39;5844739066&#39;,&#39;호올스 블루베리 캔디 34g x 20개&#39;);orderClickCode(&#39;buy&#39;);return false;">구매</button></div></div>		<!-- 카탈로그형 갤러리 --> <div name="galleryButtonType" style="display:none;">	<div class="btn_set"> <span><button type="button" class="cart" onclick="martGoToOrder(&#39;catalogInsertCart&#39;,&#39;1512017972&#39;,&#39;5844739066&#39;,&#39;호올스 블루베리 캔디 34g x 20개&#39;);orderClickCode(&#39;cart&#39;);return false;">담기</button></span> <span><button type="button" class="buy" onclick="martGoToOrder(&#39;catalogDirectOrder&#39;,&#39;1512017972&#39;,&#39;5844739066&#39;,&#39;호올스 블루베리 캔디 34g x 20개&#39;);orderClickCode(&#39;buy&#39;);return false;">구매</button></span></div></div></li><li>	<a href="javascript:goMartLink(&#39;http://m.11st.co.kr/MW/Mart/martCatalogDetail.tmall?mallType=mart&amp;catalogNo=1546261&#39;);">		<span class="thumb"><img src="search_mart_prd_list_files/1546261_1.jpg" alt="롯데제과 목캔디 허브 38g x 1개" onerror="javascript:this.src=&#39;/MW/img/product/no_image_100.gif&#39;;"></span>		<span class="info"><span class="ico">	</span><span class="name"> 롯데제과 목캔디 허브 38g x 1개</span>	<span class="att"> <!-- 카탈로그형 --> 	</span>		</span>		<!-- 리스트 -->		<span class="grade" name="martBaseType"><span class="sati mj100">만족도 100%</span><span class="rev"><b>리뷰</b>(5)</span>		</span>		<!-- 갤러리 -->		<div name="martGalleryType" style="display:none;">		<div class="price">		<span class="prc"><b>460</b>원</span>		</div></div>		<div name="martBaseType">		<!-- 리스트 -->		<div class="price">			<!-- 카탈로그형 --><span class="prc"><b>460</b>원</span><span class="unit">(10g당121원)</span>		</div></div>	</a>		<!-- 카탈로그형 리스트 -->		<div name="baseButtonType">	<div class="btn_set"> <button type="button" class="cart" onclick="martGoToOrder(&#39;catalogInsertCart&#39;,&#39;1452779747&#39;,&#39;5577866554&#39;,&#39;롯데제과 목캔디 허브 38g x 1개&#39;);orderClickCode(&#39;cart&#39;);return false;">담기</button> <button type="button" class="buy" onclick="martGoToOrder(&#39;catalogDirectOrder&#39;,&#39;1452779747&#39;,&#39;5577866554&#39;,&#39;롯데제과 목캔디 허브 38g x 1개&#39;);orderClickCode(&#39;buy&#39;);return false;">구매</button></div></div>		<!-- 카탈로그형 갤러리 --> <div name="galleryButtonType" style="display:none;">	<div class="btn_set"> <span><button type="button" class="cart" onclick="martGoToOrder(&#39;catalogInsertCart&#39;,&#39;1452779747&#39;,&#39;5577866554&#39;,&#39;롯데제과 목캔디 허브 38g x 1개&#39;);orderClickCode(&#39;cart&#39;);return false;">담기</button></span> <span><button type="button" class="buy" onclick="martGoToOrder(&#39;catalogDirectOrder&#39;,&#39;1452779747&#39;,&#39;5577866554&#39;,&#39;롯데제과 목캔디 허브 38g x 1개&#39;);orderClickCode(&#39;buy&#39;);return false;">구매</button></span></div></div></li><li>	<a href="javascript:goMartLink(&#39;http://m.11st.co.kr/MW/Mart/martCatalogDetail.tmall?mallType=mart&amp;catalogNo=1318369&#39;);">		<span class="thumb"><img src="search_mart_prd_list_files/1318369_1.jpg" alt="애니타임 자두 앤 복숭아 74g x 1개" onerror="javascript:this.src=&#39;/MW/img/product/no_image_100.gif&#39;;"></span>		<span class="info"><span class="ico"><span class="ic dy">당일배송</span>	</span><span class="name"> 애니타임 자두 앤 복숭아 74g x 1개</span>	<span class="att"> <!-- 카탈로그형 --> 	</span>		</span>		<!-- 리스트 -->		<span class="grade" name="martBaseType"><span class="sati mj100">만족도 100%</span><span class="rev"><b>리뷰</b>(4)</span>		</span>		<!-- 갤러리 -->		<div name="martGalleryType" style="display:none;">		<div class="price">		<span class="prc"><b>1,600</b>원</span>		</div></div>		<div name="martBaseType">		<!-- 리스트 -->		<div class="price">			<!-- 카탈로그형 --><span class="prc"><b>1,600</b>원</span><span class="unit">(10g당216원)</span>		</div></div>	</a>		<!-- 카탈로그형 리스트 -->		<div name="baseButtonType">	<div class="btn_set"> <button type="button" class="cart" onclick="martGoToOrder(&#39;catalogInsertCart&#39;,&#39;1391249714&#39;,&#39;5259374751&#39;,&#39;애니타임 자두 앤 복숭아 74g x 1개&#39;);orderClickCode(&#39;cart&#39;);return false;">담기</button> <button type="button" class="buy" onclick="martGoToOrder(&#39;catalogDirectOrder&#39;,&#39;1391249714&#39;,&#39;5259374751&#39;,&#39;애니타임 자두 앤 복숭아 74g x 1개&#39;);orderClickCode(&#39;buy&#39;);return false;">구매</button></div></div>		<!-- 카탈로그형 갤러리 --> <div name="galleryButtonType" style="display:none;">	<div class="btn_set"> <span><button type="button" class="cart" onclick="martGoToOrder(&#39;catalogInsertCart&#39;,&#39;1391249714&#39;,&#39;5259374751&#39;,&#39;애니타임 자두 앤 복숭아 74g x 1개&#39;);orderClickCode(&#39;cart&#39;);return false;">담기</button></span> <span><button type="button" class="buy" onclick="martGoToOrder(&#39;catalogDirectOrder&#39;,&#39;1391249714&#39;,&#39;5259374751&#39;,&#39;애니타임 자두 앤 복숭아 74g x 1개&#39;);orderClickCode(&#39;buy&#39;);return false;">구매</button></span></div></div></li><li>	<a href="javascript:goMartLink(&#39;http://m.11st.co.kr/MW/Mart/martCatalogDetail.tmall?mallType=mart&amp;catalogNo=11916&#39;);">		<span class="thumb"><img src="search_mart_prd_list_files/11916_1.jpg" alt="폴로 오리지날 1.8kg x 1봉" onerror="javascript:this.src=&#39;/MW/img/product/no_image_100.gif&#39;;"></span>		<span class="info"><span class="ico">	</span><span class="name"> 폴로 오리지날 1.8kg x 1봉</span>	<span class="att"> <!-- 카탈로그형 --> 	</span>		</span>		<!-- 리스트 -->		<span class="grade" name="martBaseType"><span class="sati mj100">만족도 100%</span><span class="rev"><b>리뷰</b>(4)</span>		</span>		<!-- 갤러리 -->		<div name="martGalleryType" style="display:none;">		<div class="price">		<span class="prc"><b>19,400</b>원</span>		</div></div>		<div name="martBaseType">		<!-- 리스트 -->		<div class="price">			<!-- 카탈로그형 --><span class="prc"><b>19,400</b>원</span><span class="unit">(10g당108원)</span>		</div></div>	</a>		<!-- 카탈로그형 리스트 -->		<div name="baseButtonType">	<div class="btn_set"> <button type="button" class="cart" onclick="martGoToOrder(&#39;catalogInsertCart&#39;,&#39;543120545&#39;,&#39;4593027378&#39;,&#39;폴로 오리지날 1.8kg x 1봉&#39;);orderClickCode(&#39;cart&#39;);return false;">담기</button> <button type="button" class="buy" onclick="martGoToOrder(&#39;catalogDirectOrder&#39;,&#39;543120545&#39;,&#39;4593027378&#39;,&#39;폴로 오리지날 1.8kg x 1봉&#39;);orderClickCode(&#39;buy&#39;);return false;">구매</button></div></div>		<!-- 카탈로그형 갤러리 --> <div name="galleryButtonType" style="display:none;">	<div class="btn_set"> <span><button type="button" class="cart" onclick="martGoToOrder(&#39;catalogInsertCart&#39;,&#39;543120545&#39;,&#39;4593027378&#39;,&#39;폴로 오리지날 1.8kg x 1봉&#39;);orderClickCode(&#39;cart&#39;);return false;">담기</button></span> <span><button type="button" class="buy" onclick="martGoToOrder(&#39;catalogDirectOrder&#39;,&#39;543120545&#39;,&#39;4593027378&#39;,&#39;폴로 오리지날 1.8kg x 1봉&#39;);orderClickCode(&#39;buy&#39;);return false;">구매</button></span></div></div></li><li>	<a href="javascript:goMartLink(&#39;http://m.11st.co.kr/MW/Mart/martCatalogDetail.tmall?mallType=mart&amp;catalogNo=12091&#39;);">		<span class="thumb"><img src="search_mart_prd_list_files/12091_1.jpg" alt="츄파춥스 미니튜브 600g 50개입" onerror="javascript:this.src=&#39;/MW/img/product/no_image_100.gif&#39;;"></span>		<span class="info"><span class="ico"><span class="ic dy">무료배송</span>	</span><span class="name"> 츄파춥스 미니튜브 600g 50개입</span>	<span class="att"> <!-- 카탈로그형 --> 	</span>		</span>		<!-- 리스트 -->		<span class="grade" name="martBaseType"><span class="sati mj100">만족도 100%</span><span class="rev"><b>리뷰</b>(3)</span>		</span>		<!-- 갤러리 -->		<div name="martGalleryType" style="display:none;">		<div class="price">		<span class="prc"><b>10,500</b>원</span>		</div></div>		<div name="martBaseType">		<!-- 리스트 -->		<div class="price">			<!-- 카탈로그형 --><span class="prc"><b>10,500</b>원</span><span class="unit">(10g당175원)</span>		</div></div>	</a>		<!-- 카탈로그형 리스트 -->		<div name="baseButtonType">	<div class="btn_set"> <button type="button" class="cart" onclick="martGoToOrder(&#39;catalogInsertCart&#39;,&#39;1227532696&#39;,&#39;4492914671&#39;,&#39;츄파춥스 미니튜브 600g 50개입&#39;);orderClickCode(&#39;cart&#39;);return false;">담기</button> <button type="button" class="buy" onclick="martGoToOrder(&#39;catalogDirectOrder&#39;,&#39;1227532696&#39;,&#39;4492914671&#39;,&#39;츄파춥스 미니튜브 600g 50개입&#39;);orderClickCode(&#39;buy&#39;);return false;">구매</button></div></div>		<!-- 카탈로그형 갤러리 --> <div name="galleryButtonType" style="display:none;">	<div class="btn_set"> <span><button type="button" class="cart" onclick="martGoToOrder(&#39;catalogInsertCart&#39;,&#39;1227532696&#39;,&#39;4492914671&#39;,&#39;츄파춥스 미니튜브 600g 50개입&#39;);orderClickCode(&#39;cart&#39;);return false;">담기</button></span> <span><button type="button" class="buy" onclick="martGoToOrder(&#39;catalogDirectOrder&#39;,&#39;1227532696&#39;,&#39;4492914671&#39;,&#39;츄파춥스 미니튜브 600g 50개입&#39;);orderClickCode(&#39;buy&#39;);return false;">구매</button></span></div></div></li><li>	<a href="javascript:goMartLink(&#39;http://m.11st.co.kr/MW/Mart/martCatalogDetail.tmall?mallType=mart&amp;catalogNo=459947&#39;);">		<span class="thumb"><img src="search_mart_prd_list_files/459947_1.jpg" alt="마이쮸 자일리톨 포도 110g" onerror="javascript:this.src=&#39;/MW/img/product/no_image_100.gif&#39;;"></span>		<span class="info"><span class="ico">	</span><span class="name"> 마이쮸 자일리톨 포도 110g</span>	<span class="att"> <!-- 카탈로그형 --> 	</span>		</span>		<!-- 리스트 -->		<span class="grade" name="martBaseType"><span class="sati mj100">만족도 100%</span><span class="rev"><b>리뷰</b>(2)</span>		</span>		<!-- 갤러리 -->		<div name="martGalleryType" style="display:none;">		<div class="price">		<span class="prc"><b>2,800</b>원</span>		</div></div>		<div name="martBaseType">		<!-- 리스트 -->		<div class="price">			<!-- 카탈로그형 --><span class="prc"><b>2,800</b>원</span><span class="unit">(10g당212원)</span>		</div></div>	</a>		<!-- 카탈로그형 리스트 -->		<div name="baseButtonType">	<div class="btn_set"> <button type="button" class="cart" onclick="martGoToOrder(&#39;catalogInsertCart&#39;,&#39;1171833225&#39;,&#39;4295506926&#39;,&#39;마이쮸 자일리톨 포도 110g&#39;);orderClickCode(&#39;cart&#39;);return false;">담기</button> <button type="button" class="buy" onclick="martGoToOrder(&#39;catalogDirectOrder&#39;,&#39;1171833225&#39;,&#39;4295506926&#39;,&#39;마이쮸 자일리톨 포도 110g&#39;);orderClickCode(&#39;buy&#39;);return false;">구매</button></div></div>		<!-- 카탈로그형 갤러리 --> <div name="galleryButtonType" style="display:none;">	<div class="btn_set"> <span><button type="button" class="cart" onclick="martGoToOrder(&#39;catalogInsertCart&#39;,&#39;1171833225&#39;,&#39;4295506926&#39;,&#39;마이쮸 자일리톨 포도 110g&#39;);orderClickCode(&#39;cart&#39;);return false;">담기</button></span> <span><button type="button" class="buy" onclick="martGoToOrder(&#39;catalogDirectOrder&#39;,&#39;1171833225&#39;,&#39;4295506926&#39;,&#39;마이쮸 자일리톨 포도 110g&#39;);orderClickCode(&#39;buy&#39;);return false;">구매</button></span></div></div></li><li>	<a href="javascript:goMartLink(&#39;http://m.11st.co.kr/MW/Mart/martCatalogDetail.tmall?mallType=mart&amp;catalogNo=30399&#39;);">		<span class="thumb"><img src="search_mart_prd_list_files/30399_1.jpg" alt="레귤러 캔디 550g x 1병" onerror="javascript:this.src=&#39;/MW/img/product/no_image_100.gif&#39;;"></span>		<span class="info"><span class="ico">	</span><span class="name"> 레귤러 캔디 550g x 1병</span>	<span class="att"> <!-- 카탈로그형 --> 	</span>		</span>		<!-- 리스트 -->		<span class="grade" name="martBaseType"><span class="sati mj100">만족도 100%</span><span class="rev"><b>리뷰</b>(2)</span>		</span>		<!-- 갤러리 -->		<div name="martGalleryType" style="display:none;">		<div class="price">			<del>8,400원</del>		<span class="prc"><b>7,000</b>원</span>		</div></div>		<div name="martBaseType">		<!-- 리스트 -->		<div class="price">			<del>8,400원</del>			<!-- 카탈로그형 --><span class="prc"><b>7,000</b>원</span><span class="unit">(10g당127원)</span>		</div></div>	</a>		<!-- 카탈로그형 리스트 -->		<div name="baseButtonType">	<div class="btn_set"> <button type="button" class="cart" onclick="martGoToOrder(&#39;catalogInsertCart&#39;,&#39;1227428945&#39;,&#39;4489923568&#39;,&#39;레귤러 캔디 550g x 1병&#39;);orderClickCode(&#39;cart&#39;);return false;">담기</button> <button type="button" class="buy" onclick="martGoToOrder(&#39;catalogDirectOrder&#39;,&#39;1227428945&#39;,&#39;4489923568&#39;,&#39;레귤러 캔디 550g x 1병&#39;);orderClickCode(&#39;buy&#39;);return false;">구매</button></div></div>		<!-- 카탈로그형 갤러리 --> <div name="galleryButtonType" style="display:none;">	<div class="btn_set"> <span><button type="button" class="cart" onclick="martGoToOrder(&#39;catalogInsertCart&#39;,&#39;1227428945&#39;,&#39;4489923568&#39;,&#39;레귤러 캔디 550g x 1병&#39;);orderClickCode(&#39;cart&#39;);return false;">담기</button></span> <span><button type="button" class="buy" onclick="martGoToOrder(&#39;catalogDirectOrder&#39;,&#39;1227428945&#39;,&#39;4489923568&#39;,&#39;레귤러 캔디 550g x 1병&#39;);orderClickCode(&#39;buy&#39;);return false;">구매</button></span></div></div></li><li>	<a href="javascript:goMartLink(&#39;http://m.11st.co.kr/MW/Mart/martCatalogDetail.tmall?mallType=mart&amp;catalogNo=21058&#39;);">		<span class="thumb"><img src="search_mart_prd_list_files/21058_1.jpg" alt="호올스 멘토립터스 캔디 34g x 20개" onerror="javascript:this.src=&#39;/MW/img/product/no_image_100.gif&#39;;"></span>		<span class="info"><span class="ico"><span class="ic ok">OK캐쉬백</span>	</span><span class="name"> 호올스 멘토립터스 캔디 34g x 20개</span>	<span class="att"> <!-- 카탈로그형 --> 	</span>		</span>		<!-- 리스트 -->		<span class="grade" name="martBaseType"><span class="sati mj100">만족도 100%</span><span class="rev"><b>리뷰</b>(2)</span>		</span>		<!-- 갤러리 -->		<div name="martGalleryType" style="display:none;">		<div class="price">			<del>9,510원</del>		<span class="prc"><b>9,500</b>원</span>		</div></div>		<div name="martBaseType">		<!-- 리스트 -->		<div class="price">			<del>9,510원</del>			<!-- 카탈로그형 --><span class="prc"><b>9,500</b>원</span><span class="unit">(10g당140원)</span>		</div></div>	</a>		<!-- 카탈로그형 리스트 -->		<div name="baseButtonType">	<div class="btn_set"> <button type="button" class="cart" onclick="martGoToOrder(&#39;catalogInsertCart&#39;,&#39;1512016920&#39;,&#39;5844727740&#39;,&#39;호올스 멘토립터스 캔디 34g x 20개&#39;);orderClickCode(&#39;cart&#39;);return false;">담기</button> <button type="button" class="buy" onclick="martGoToOrder(&#39;catalogDirectOrder&#39;,&#39;1512016920&#39;,&#39;5844727740&#39;,&#39;호올스 멘토립터스 캔디 34g x 20개&#39;);orderClickCode(&#39;buy&#39;);return false;">구매</button></div></div>		<!-- 카탈로그형 갤러리 --> <div name="galleryButtonType" style="display:none;">	<div class="btn_set"> <span><button type="button" class="cart" onclick="martGoToOrder(&#39;catalogInsertCart&#39;,&#39;1512016920&#39;,&#39;5844727740&#39;,&#39;호올스 멘토립터스 캔디 34g x 20개&#39;);orderClickCode(&#39;cart&#39;);return false;">담기</button></span> <span><button type="button" class="buy" onclick="martGoToOrder(&#39;catalogDirectOrder&#39;,&#39;1512016920&#39;,&#39;5844727740&#39;,&#39;호올스 멘토립터스 캔디 34g x 20개&#39;);orderClickCode(&#39;buy&#39;);return false;">구매</button></span></div></div></li><li>	<a href="javascript:goMartLink(&#39;http://m.11st.co.kr/MW/Mart/martCatalogDetail.tmall?mallType=mart&amp;catalogNo=17181&#39;);">		<span class="thumb"><img src="search_mart_prd_list_files/17181_1.jpg" alt="프루팁스 140g x 1개" onerror="javascript:this.src=&#39;/MW/img/product/no_image_100.gif&#39;;"></span>		<span class="info"><span class="ico">	</span><span class="name"> 프루팁스 140g x 1개</span>	<span class="att"> <!-- 카탈로그형 --> 	</span>		</span>		<!-- 리스트 -->		<span class="grade" name="martBaseType">		</span>		<!-- 갤러리 -->		<div name="martGalleryType" style="display:none;">		<div class="price">		<span class="prc"><b>2,850</b>원</span>		</div></div>		<div name="martBaseType">		<!-- 리스트 -->		<div class="price">			<!-- 카탈로그형 --><span class="prc"><b>2,850</b>원</span><span class="unit">(10g당204원)</span>		</div></div>	</a>		<!-- 카탈로그형 리스트 -->		<div name="baseButtonType">	<div class="btn_set"> <button type="button" class="cart" onclick="martGoToOrder(&#39;catalogInsertCart&#39;,&#39;1169897718&#39;,&#39;4289693135&#39;,&#39;프루팁스 140g x 1개&#39;);orderClickCode(&#39;cart&#39;);return false;">담기</button> <button type="button" class="buy" onclick="martGoToOrder(&#39;catalogDirectOrder&#39;,&#39;1169897718&#39;,&#39;4289693135&#39;,&#39;프루팁스 140g x 1개&#39;);orderClickCode(&#39;buy&#39;);return false;">구매</button></div></div>		<!-- 카탈로그형 갤러리 --> <div name="galleryButtonType" style="display:none;">	<div class="btn_set"> <span><button type="button" class="cart" onclick="martGoToOrder(&#39;catalogInsertCart&#39;,&#39;1169897718&#39;,&#39;4289693135&#39;,&#39;프루팁스 140g x 1개&#39;);orderClickCode(&#39;cart&#39;);return false;">담기</button></span> <span><button type="button" class="buy" onclick="martGoToOrder(&#39;catalogDirectOrder&#39;,&#39;1169897718&#39;,&#39;4289693135&#39;,&#39;프루팁스 140g x 1개&#39;);orderClickCode(&#39;buy&#39;);return false;">구매</button></span></div></div></li><li>	<a href="javascript:goMartLink(&#39;http://m.11st.co.kr/MW/Mart/martCatalogDetail.tmall?mallType=mart&amp;catalogNo=1546262&#39;);">		<span class="thumb"><img src="search_mart_prd_list_files/1546262_1.jpg" alt="롯데제과 청포도 캔디 119g x 1봉" onerror="javascript:this.src=&#39;/MW/img/product/no_image_100.gif&#39;;"></span>		<span class="info"><span class="ico">	</span><span class="name"> 롯데제과 청포도 캔디 119g x 1봉</span>	<span class="att"> <!-- 카탈로그형 --> 	</span>		</span>		<!-- 리스트 -->		<span class="grade" name="martBaseType"><span class="sati mj100">만족도 100%</span><span class="rev"><b>리뷰</b>(1)</span>		</span>		<!-- 갤러리 -->		<div name="martGalleryType" style="display:none;">		<div class="price">		<span class="prc"><b>1,300</b>원</span>		</div></div>		<div name="martBaseType">		<!-- 리스트 -->		<div class="price">			<!-- 카탈로그형 --><span class="prc"><b>1,300</b>원</span><span class="unit">(10g당109원)</span>		</div></div>	</a>		<!-- 카탈로그형 리스트 -->		<div name="baseButtonType">	<div class="btn_set"> <button type="button" class="cart" onclick="martGoToOrder(&#39;catalogInsertCart&#39;,&#39;1452779728&#39;,&#39;5577866416&#39;,&#39;롯데제과 청포도 캔디 119g x 1봉&#39;);orderClickCode(&#39;cart&#39;);return false;">담기</button> <button type="button" class="buy" onclick="martGoToOrder(&#39;catalogDirectOrder&#39;,&#39;1452779728&#39;,&#39;5577866416&#39;,&#39;롯데제과 청포도 캔디 119g x 1봉&#39;);orderClickCode(&#39;buy&#39;);return false;">구매</button></div></div>		<!-- 카탈로그형 갤러리 --> <div name="galleryButtonType" style="display:none;">	<div class="btn_set"> <span><button type="button" class="cart" onclick="martGoToOrder(&#39;catalogInsertCart&#39;,&#39;1452779728&#39;,&#39;5577866416&#39;,&#39;롯데제과 청포도 캔디 119g x 1봉&#39;);orderClickCode(&#39;cart&#39;);return false;">담기</button></span> <span><button type="button" class="buy" onclick="martGoToOrder(&#39;catalogDirectOrder&#39;,&#39;1452779728&#39;,&#39;5577866416&#39;,&#39;롯데제과 청포도 캔디 119g x 1봉&#39;);orderClickCode(&#39;buy&#39;);return false;">구매</button></span></div></div></li><li>	<a href="javascript:goMartLink(&#39;http://m.11st.co.kr/MW/Mart/martCatalogDetail.tmall?mallType=mart&amp;catalogNo=30431&#39;);">		<span class="thumb"><img src="search_mart_prd_list_files/30431_1.jpg" alt="츄파춥스 미니 6g x 100개" onerror="javascript:this.src=&#39;/MW/img/product/no_image_100.gif&#39;;"></span>		<span class="info"><span class="ico"><span class="ic dy">당일배송</span>	</span><span class="name"> 츄파춥스 미니 6g x 100개</span>	<span class="att"> <!-- 카탈로그형 --> 	</span>		</span>		<!-- 리스트 -->		<span class="grade" name="martBaseType"><span class="sati mj100">만족도 100%</span><span class="rev"><b>리뷰</b>(1)</span>		</span>		<!-- 갤러리 -->		<div name="martGalleryType" style="display:none;">		<div class="price">		<span class="prc"><b>8,900</b>원</span>		</div></div>		<div name="martBaseType">		<!-- 리스트 -->		<div class="price">			<!-- 카탈로그형 --><span class="prc"><b>8,900</b>원</span><span class="unit">(10g당148원)</span>		</div></div>	</a>		<!-- 카탈로그형 리스트 -->		<div name="baseButtonType">	<div class="btn_set"> <button type="button" class="cart" onclick="martGoToOrder(&#39;catalogInsertCart&#39;,&#39;510711960&#39;,&#39;2475159915&#39;,&#39;츄파춥스 미니 6g x 100개&#39;);orderClickCode(&#39;cart&#39;);return false;">담기</button> <button type="button" class="buy" onclick="martGoToOrder(&#39;catalogDirectOrder&#39;,&#39;510711960&#39;,&#39;2475159915&#39;,&#39;츄파춥스 미니 6g x 100개&#39;);orderClickCode(&#39;buy&#39;);return false;">구매</button></div></div>		<!-- 카탈로그형 갤러리 --> <div name="galleryButtonType" style="display:none;">	<div class="btn_set"> <span><button type="button" class="cart" onclick="martGoToOrder(&#39;catalogInsertCart&#39;,&#39;510711960&#39;,&#39;2475159915&#39;,&#39;츄파춥스 미니 6g x 100개&#39;);orderClickCode(&#39;cart&#39;);return false;">담기</button></span> <span><button type="button" class="buy" onclick="martGoToOrder(&#39;catalogDirectOrder&#39;,&#39;510711960&#39;,&#39;2475159915&#39;,&#39;츄파춥스 미니 6g x 100개&#39;);orderClickCode(&#39;buy&#39;);return false;">구매</button></span></div></div></li><li>	<a href="javascript:goMartLink(&#39;http://m.11st.co.kr/MW/Mart/martCatalogDetail.tmall?mallType=mart&amp;catalogNo=21049&#39;);">		<span class="thumb"><img src="search_mart_prd_list_files/21049_1.jpg" alt="호올스 허니레몬 캔디 34g x 1개" onerror="javascript:this.src=&#39;/MW/img/product/no_image_100.gif&#39;;"></span>		<span class="info"><span class="ico">	</span><span class="name"> 호올스 허니레몬 캔디 34g x 1개</span>	<span class="att"> <!-- 카탈로그형 --> 	</span>		</span>		<!-- 리스트 -->		<span class="grade" name="martBaseType">		</span>		<!-- 갤러리 -->		<div name="martGalleryType" style="display:none;">		<div class="price">		<span class="prc"><b>590</b>원</span>		</div></div>		<div name="martBaseType">		<!-- 리스트 -->		<div class="price">			<!-- 카탈로그형 --><span class="prc"><b>590</b>원</span><span class="unit">(10g당174원)</span>		</div></div>	</a>		<!-- 카탈로그형 리스트 -->		<div name="baseButtonType">	<div class="btn_set"> <button type="button" class="cart" onclick="martGoToOrder(&#39;catalogInsertCart&#39;,&#39;1622282737&#39;,&#39;6244445226&#39;,&#39;호올스 허니레몬 캔디 34g x 1개&#39;);orderClickCode(&#39;cart&#39;);return false;">담기</button> <button type="button" class="buy" onclick="martGoToOrder(&#39;catalogDirectOrder&#39;,&#39;1622282737&#39;,&#39;6244445226&#39;,&#39;호올스 허니레몬 캔디 34g x 1개&#39;);orderClickCode(&#39;buy&#39;);return false;">구매</button></div></div>		<!-- 카탈로그형 갤러리 --> <div name="galleryButtonType" style="display:none;">	<div class="btn_set"> <span><button type="button" class="cart" onclick="martGoToOrder(&#39;catalogInsertCart&#39;,&#39;1622282737&#39;,&#39;6244445226&#39;,&#39;호올스 허니레몬 캔디 34g x 1개&#39;);orderClickCode(&#39;cart&#39;);return false;">담기</button></span> <span><button type="button" class="buy" onclick="martGoToOrder(&#39;catalogDirectOrder&#39;,&#39;1622282737&#39;,&#39;6244445226&#39;,&#39;호올스 허니레몬 캔디 34g x 1개&#39;);orderClickCode(&#39;buy&#39;);return false;">구매</button></span></div></div></li><li>	<a href="javascript:goMartLink(&#39;http://m.11st.co.kr/MW/Mart/martCatalogDetail.tmall?mallType=mart&amp;catalogNo=21055&#39;);">		<span class="thumb"><img src="search_mart_prd_list_files/21055_1.jpg" alt="호올스 멘토립터스 캔디 34g x 1개" onerror="javascript:this.src=&#39;/MW/img/product/no_image_100.gif&#39;;"></span>		<span class="info"><span class="ico">	</span><span class="name"> 호올스 멘토립터스 캔디 34g x 1개</span>	<span class="att"> <!-- 카탈로그형 --> 	</span>		</span>		<!-- 리스트 -->		<span class="grade" name="martBaseType">		</span>		<!-- 갤러리 -->		<div name="martGalleryType" style="display:none;">		<div class="price">		<span class="prc"><b>590</b>원</span>		</div></div>		<div name="martBaseType">		<!-- 리스트 -->		<div class="price">			<!-- 카탈로그형 --><span class="prc"><b>590</b>원</span><span class="unit">(10g당174원)</span>		</div></div>	</a>		<!-- 카탈로그형 리스트 -->		<div name="baseButtonType">	<div class="btn_set"> <button type="button" class="cart" onclick="martGoToOrder(&#39;catalogInsertCart&#39;,&#39;1622282737&#39;,&#39;6244445223&#39;,&#39;호올스 멘토립터스 캔디 34g x 1개&#39;);orderClickCode(&#39;cart&#39;);return false;">담기</button> <button type="button" class="buy" onclick="martGoToOrder(&#39;catalogDirectOrder&#39;,&#39;1622282737&#39;,&#39;6244445223&#39;,&#39;호올스 멘토립터스 캔디 34g x 1개&#39;);orderClickCode(&#39;buy&#39;);return false;">구매</button></div></div>		<!-- 카탈로그형 갤러리 --> <div name="galleryButtonType" style="display:none;">	<div class="btn_set"> <span><button type="button" class="cart" onclick="martGoToOrder(&#39;catalogInsertCart&#39;,&#39;1622282737&#39;,&#39;6244445223&#39;,&#39;호올스 멘토립터스 캔디 34g x 1개&#39;);orderClickCode(&#39;cart&#39;);return false;">담기</button></span> <span><button type="button" class="buy" onclick="martGoToOrder(&#39;catalogDirectOrder&#39;,&#39;1622282737&#39;,&#39;6244445223&#39;,&#39;호올스 멘토립터스 캔디 34g x 1개&#39;);orderClickCode(&#39;buy&#39;);return false;">구매</button></span></div></div></li><li>	<a href="javascript:goMartLink(&#39;http://m.11st.co.kr/MW/Mart/martCatalogDetail.tmall?mallType=mart&amp;catalogNo=19646&#39;);">		<span class="thumb"><img src="search_mart_prd_list_files/19646_1.jpg" alt="호올스 블리스터 후레쉬라임 22.4g x 1개" onerror="javascript:this.src=&#39;/MW/img/product/no_image_100.gif&#39;;"></span>		<span class="info"><span class="ico">	</span><span class="name"> 호올스 블리스터 후레쉬라임 22.4g x 1개</span>	<span class="att"> <!-- 카탈로그형 --> 	</span>		</span>		<!-- 리스트 -->		<span class="grade" name="martBaseType">		</span>		<!-- 갤러리 -->		<div name="martGalleryType" style="display:none;">		<div class="price">		<span class="prc"><b>690</b>원</span>		</div></div>		<div name="martBaseType">		<!-- 리스트 -->		<div class="price">			<!-- 카탈로그형 --><span class="prc"><b>690</b>원</span><span class="unit">(10g당314원)</span>		</div></div>	</a>		<!-- 카탈로그형 리스트 -->		<div name="baseButtonType">	<div class="btn_set"> <button type="button" class="cart" onclick="martGoToOrder(&#39;catalogInsertCart&#39;,&#39;1622282737&#39;,&#39;6244445225&#39;,&#39;호올스 블리스터 후레쉬라임 22.4g x 1개&#39;);orderClickCode(&#39;cart&#39;);return false;">담기</button> <button type="button" class="buy" onclick="martGoToOrder(&#39;catalogDirectOrder&#39;,&#39;1622282737&#39;,&#39;6244445225&#39;,&#39;호올스 블리스터 후레쉬라임 22.4g x 1개&#39;);orderClickCode(&#39;buy&#39;);return false;">구매</button></div></div>		<!-- 카탈로그형 갤러리 --> <div name="galleryButtonType" style="display:none;">	<div class="btn_set"> <span><button type="button" class="cart" onclick="martGoToOrder(&#39;catalogInsertCart&#39;,&#39;1622282737&#39;,&#39;6244445225&#39;,&#39;호올스 블리스터 후레쉬라임 22.4g x 1개&#39;);orderClickCode(&#39;cart&#39;);return false;">담기</button></span> <span><button type="button" class="buy" onclick="martGoToOrder(&#39;catalogDirectOrder&#39;,&#39;1622282737&#39;,&#39;6244445225&#39;,&#39;호올스 블리스터 후레쉬라임 22.4g x 1개&#39;);orderClickCode(&#39;buy&#39;);return false;">구매</button></span></div></div></li><li>	<a href="javascript:goMartLink(&#39;http://m.11st.co.kr/MW/Mart/martCatalogDetail.tmall?mallType=mart&amp;catalogNo=5259&#39;);">		<span class="thumb"><img src="search_mart_prd_list_files/5259_1.jpg" alt="호올스 아이스블루 캔디 34g x 1개" onerror="javascript:this.src=&#39;/MW/img/product/no_image_100.gif&#39;;"></span>		<span class="info"><span class="ico">	</span><span class="name"> 호올스 아이스블루 캔디 34g x 1개</span>	<span class="att"> <!-- 카탈로그형 --> 	</span>		</span>		<!-- 리스트 -->		<span class="grade" name="martBaseType">		</span>		<!-- 갤러리 -->		<div name="martGalleryType" style="display:none;">		<div class="price">		<span class="prc"><b>590</b>원</span>		</div></div>		<div name="martBaseType">		<!-- 리스트 -->		<div class="price">			<!-- 카탈로그형 --><span class="prc"><b>590</b>원</span><span class="unit">(10g당174원)</span>		</div></div>	</a>		<!-- 카탈로그형 리스트 -->		<div name="baseButtonType">	<div class="btn_set"> <button type="button" class="cart" onclick="martGoToOrder(&#39;catalogInsertCart&#39;,&#39;1622282737&#39;,&#39;6244445224&#39;,&#39;호올스 아이스블루 캔디 34g x 1개&#39;);orderClickCode(&#39;cart&#39;);return false;">담기</button> <button type="button" class="buy" onclick="martGoToOrder(&#39;catalogDirectOrder&#39;,&#39;1622282737&#39;,&#39;6244445224&#39;,&#39;호올스 아이스블루 캔디 34g x 1개&#39;);orderClickCode(&#39;buy&#39;);return false;">구매</button></div></div>		<!-- 카탈로그형 갤러리 --> <div name="galleryButtonType" style="display:none;">	<div class="btn_set"> <span><button type="button" class="cart" onclick="martGoToOrder(&#39;catalogInsertCart&#39;,&#39;1622282737&#39;,&#39;6244445224&#39;,&#39;호올스 아이스블루 캔디 34g x 1개&#39;);orderClickCode(&#39;cart&#39;);return false;">담기</button></span> <span><button type="button" class="buy" onclick="martGoToOrder(&#39;catalogDirectOrder&#39;,&#39;1622282737&#39;,&#39;6244445224&#39;,&#39;호올스 아이스블루 캔디 34g x 1개&#39;);orderClickCode(&#39;buy&#39;);return false;">구매</button></span></div></div></li><li>	<a href="javascript:goMartLink(&#39;http://m.11st.co.kr/MW/Mart/martCatalogDetail.tmall?mallType=mart&amp;catalogNo=1546266&#39;);">		<span class="thumb"><img src="search_mart_prd_list_files/1546266_1.jpg" alt="롯데제과 아이스브레이커스 쿨민트 42g x 1개" onerror="javascript:this.src=&#39;/MW/img/product/no_image_100.gif&#39;;"></span>		<span class="info"><span class="ico">	</span><span class="name"> 롯데제과 아이스브레이커스 쿨민트 42g x 1개</span>	<span class="att"> <!-- 카탈로그형 --> 	</span>		</span>		<!-- 리스트 -->		<span class="grade" name="martBaseType">		</span>		<!-- 갤러리 -->		<div name="martGalleryType" style="display:none;">		<div class="price">		<span class="prc"><b>2,280</b>원</span>		</div></div>		<div name="martBaseType">		<!-- 리스트 -->		<div class="price">			<!-- 카탈로그형 --><span class="prc"><b>2,280</b>원</span><span class="unit">(10g당543원)</span>		</div></div>	</a>		<!-- 카탈로그형 리스트 -->		<div name="baseButtonType">	<div class="btn_set"> <button type="button" class="cart" onclick="martGoToOrder(&#39;catalogInsertCart&#39;,&#39;1452779564&#39;,&#39;5577865812&#39;,&#39;롯데제과 아이스브레이커스 쿨민트 42g x 1개&#39;);orderClickCode(&#39;cart&#39;);return false;">담기</button> <button type="button" class="buy" onclick="martGoToOrder(&#39;catalogDirectOrder&#39;,&#39;1452779564&#39;,&#39;5577865812&#39;,&#39;롯데제과 아이스브레이커스 쿨민트 42g x 1개&#39;);orderClickCode(&#39;buy&#39;);return false;">구매</button></div></div>		<!-- 카탈로그형 갤러리 --> <div name="galleryButtonType" style="display:none;">	<div class="btn_set"> <span><button type="button" class="cart" onclick="martGoToOrder(&#39;catalogInsertCart&#39;,&#39;1452779564&#39;,&#39;5577865812&#39;,&#39;롯데제과 아이스브레이커스 쿨민트 42g x 1개&#39;);orderClickCode(&#39;cart&#39;);return false;">담기</button></span> <span><button type="button" class="buy" onclick="martGoToOrder(&#39;catalogDirectOrder&#39;,&#39;1452779564&#39;,&#39;5577865812&#39;,&#39;롯데제과 아이스브레이커스 쿨민트 42g x 1개&#39;);orderClickCode(&#39;buy&#39;);return false;">구매</button></span></div></div></li><li>	<a href="javascript:goMartLink(&#39;http://m.11st.co.kr/MW/Mart/martCatalogDetail.tmall?mallType=mart&amp;catalogNo=463171&#39;);">		<span class="thumb"><img src="search_mart_prd_list_files/463171_1.jpg" alt="로지애플 155g x 1개" onerror="javascript:this.src=&#39;/MW/img/product/no_image_100.gif&#39;;"></span>		<span class="info"><span class="ico"><span class="ic dy">무료배송</span>	</span><span class="name"> 로지애플 155g x 1개</span>	<span class="att"> <!-- 카탈로그형 --> 	</span>		</span>		<!-- 리스트 -->		<span class="grade" name="martBaseType">		</span>		<!-- 갤러리 -->		<div name="martGalleryType" style="display:none;">		<div class="price">		<span class="prc"><b>12,000</b>원</span>		</div></div>		<div name="martBaseType">		<!-- 리스트 -->		<div class="price">			<!-- 카탈로그형 --><span class="prc"><b>12,000</b>원</span><span class="unit">(10g당774원)</span>		</div></div>	</a>		<!-- 카탈로그형 리스트 -->		<div name="baseButtonType">	<div class="btn_set"> <button type="button" class="cart" onclick="martGoToOrder(&#39;catalogInsertCart&#39;,&#39;1229283132&#39;,&#39;4496591565&#39;,&#39;로지애플 155g x 1개&#39;);orderClickCode(&#39;cart&#39;);return false;">담기</button> <button type="button" class="buy" onclick="martGoToOrder(&#39;catalogDirectOrder&#39;,&#39;1229283132&#39;,&#39;4496591565&#39;,&#39;로지애플 155g x 1개&#39;);orderClickCode(&#39;buy&#39;);return false;">구매</button></div></div>		<!-- 카탈로그형 갤러리 --> <div name="galleryButtonType" style="display:none;">	<div class="btn_set"> <span><button type="button" class="cart" onclick="martGoToOrder(&#39;catalogInsertCart&#39;,&#39;1229283132&#39;,&#39;4496591565&#39;,&#39;로지애플 155g x 1개&#39;);orderClickCode(&#39;cart&#39;);return false;">담기</button></span> <span><button type="button" class="buy" onclick="martGoToOrder(&#39;catalogDirectOrder&#39;,&#39;1229283132&#39;,&#39;4496591565&#39;,&#39;로지애플 155g x 1개&#39;);orderClickCode(&#39;buy&#39;);return false;">구매</button></span></div></div></li><li>	<a href="javascript:goMartLink(&#39;http://m.11st.co.kr/MW/Mart/martCatalogDetail.tmall?mallType=mart&amp;catalogNo=12017&#39;);">		<span class="thumb"><img src="search_mart_prd_list_files/12017_1.jpg" alt="츄파춥스 슬림휠 1440g 120개입" onerror="javascript:this.src=&#39;/MW/img/product/no_image_100.gif&#39;;"></span>		<span class="info"><span class="ico"><span class="ic dy">무료배송</span>	</span><span class="name"> 츄파춥스 슬림휠 1440g 120개입</span>	<span class="att"> <!-- 카탈로그형 --> 	</span>		</span>		<!-- 리스트 -->		<span class="grade" name="martBaseType">		</span>		<!-- 갤러리 -->		<div name="martGalleryType" style="display:none;">		<div class="price">		<span class="prc"><b>19,900</b>원</span>		</div></div>		<div name="martBaseType">		<!-- 리스트 -->		<div class="price">			<!-- 카탈로그형 --><span class="prc"><b>19,900</b>원</span><span class="unit">(10g당138원)</span>		</div></div>	</a>		<!-- 카탈로그형 리스트 -->		<div name="baseButtonType">	<div class="btn_set"> <button type="button" class="cart" onclick="martGoToOrder(&#39;catalogInsertCart&#39;,&#39;297319280&#39;,&#39;1782451997&#39;,&#39;츄파춥스 슬림휠 1440g 120개입&#39;);orderClickCode(&#39;cart&#39;);return false;">담기</button> <button type="button" class="buy" onclick="martGoToOrder(&#39;catalogDirectOrder&#39;,&#39;297319280&#39;,&#39;1782451997&#39;,&#39;츄파춥스 슬림휠 1440g 120개입&#39;);orderClickCode(&#39;buy&#39;);return false;">구매</button></div></div>		<!-- 카탈로그형 갤러리 --> <div name="galleryButtonType" style="display:none;">	<div class="btn_set"> <span><button type="button" class="cart" onclick="martGoToOrder(&#39;catalogInsertCart&#39;,&#39;297319280&#39;,&#39;1782451997&#39;,&#39;츄파춥스 슬림휠 1440g 120개입&#39;);orderClickCode(&#39;cart&#39;);return false;">담기</button></span> <span><button type="button" class="buy" onclick="martGoToOrder(&#39;catalogDirectOrder&#39;,&#39;297319280&#39;,&#39;1782451997&#39;,&#39;츄파춥스 슬림휠 1440g 120개입&#39;);orderClickCode(&#39;buy&#39;);return false;">구매</button></span></div></div></li><li>	<a href="javascript:goMartLink(&#39;http://m.11st.co.kr/MW/Mart/martCatalogDetail.tmall?mallType=mart&amp;catalogNo=11952&#39;);">		<span class="thumb"><img src="search_mart_prd_list_files/11952_1.png" alt="호올스 체리맛 캔디 34g x 20개" onerror="javascript:this.src=&#39;/MW/img/product/no_image_100.gif&#39;;"></span>		<span class="info"><span class="ico">	</span><span class="name"> 호올스 체리맛 캔디 34g x 20개</span>	<span class="att"> <!-- 카탈로그형 --> 	</span>		</span>		<!-- 리스트 -->		<span class="grade" name="martBaseType">		</span>		<!-- 갤러리 -->		<div name="martGalleryType" style="display:none;">		<div class="price">		<span class="prc"><b>13,500</b>원</span>		</div></div>		<div name="martBaseType">		<!-- 리스트 -->		<div class="price">			<!-- 카탈로그형 --><span class="prc"><b>13,500</b>원</span><span class="unit">(10g당199원)</span>		</div></div>	</a>		<!-- 카탈로그형 리스트 -->		<div name="baseButtonType">	<div class="btn_set"> <button type="button" class="cart" onclick="martGoToOrder(&#39;catalogInsertCart&#39;,&#39;1038776348&#39;,&#39;3811118653&#39;,&#39;호올스 체리맛 캔디 34g x 20개&#39;);orderClickCode(&#39;cart&#39;);return false;">담기</button> <button type="button" class="buy" onclick="martGoToOrder(&#39;catalogDirectOrder&#39;,&#39;1038776348&#39;,&#39;3811118653&#39;,&#39;호올스 체리맛 캔디 34g x 20개&#39;);orderClickCode(&#39;buy&#39;);return false;">구매</button></div></div>		<!-- 카탈로그형 갤러리 --> <div name="galleryButtonType" style="display:none;">	<div class="btn_set"> <span><button type="button" class="cart" onclick="martGoToOrder(&#39;catalogInsertCart&#39;,&#39;1038776348&#39;,&#39;3811118653&#39;,&#39;호올스 체리맛 캔디 34g x 20개&#39;);orderClickCode(&#39;cart&#39;);return false;">담기</button></span> <span><button type="button" class="buy" onclick="martGoToOrder(&#39;catalogDirectOrder&#39;,&#39;1038776348&#39;,&#39;3811118653&#39;,&#39;호올스 체리맛 캔디 34g x 20개&#39;);orderClickCode(&#39;buy&#39;);return false;">구매</button></span></div></div></li><li>	<a href="javascript:goMartLink(&#39;http://m.11st.co.kr/MW/Mart/martCatalogDetail.tmall?mallType=mart&amp;catalogNo=5246&#39;);">		<span class="thumb"><img src="search_mart_prd_list_files/5246_1.jpg" alt="스위스 허브캔디 레몬민트맛 100g x 1통" onerror="javascript:this.src=&#39;/MW/img/product/no_image_100.gif&#39;;"></span>		<span class="info"><span class="ico">	</span><span class="name"> 스위스 허브캔디 레몬민트맛 100g x 1통</span>	<span class="att"> <!-- 카탈로그형 --> 	</span>		</span>		<!-- 리스트 -->		<span class="grade" name="martBaseType">		</span>		<!-- 갤러리 -->		<div name="martGalleryType" style="display:none;">		<div class="price">			<del>3,600원</del>		<span class="prc"><b>3,000</b>원</span>		</div></div>		<div name="martBaseType">		<!-- 리스트 -->		<div class="price">			<del>3,600원</del>			<!-- 카탈로그형 --><span class="prc"><b>3,000</b>원</span><span class="unit">(10g당300원)</span>		</div></div>	</a>		<!-- 카탈로그형 리스트 -->		<div name="baseButtonType">	<div class="btn_set"> <button type="button" class="cart" onclick="martGoToOrder(&#39;catalogInsertCart&#39;,&#39;1227429679&#39;,&#39;4489925628&#39;,&#39;스위스 허브캔디 레몬민트맛 100g x 1통&#39;);orderClickCode(&#39;cart&#39;);return false;">담기</button> <button type="button" class="buy" onclick="martGoToOrder(&#39;catalogDirectOrder&#39;,&#39;1227429679&#39;,&#39;4489925628&#39;,&#39;스위스 허브캔디 레몬민트맛 100g x 1통&#39;);orderClickCode(&#39;buy&#39;);return false;">구매</button></div></div>		<!-- 카탈로그형 갤러리 --> <div name="galleryButtonType" style="display:none;">	<div class="btn_set"> <span><button type="button" class="cart" onclick="martGoToOrder(&#39;catalogInsertCart&#39;,&#39;1227429679&#39;,&#39;4489925628&#39;,&#39;스위스 허브캔디 레몬민트맛 100g x 1통&#39;);orderClickCode(&#39;cart&#39;);return false;">담기</button></span> <span><button type="button" class="buy" onclick="martGoToOrder(&#39;catalogDirectOrder&#39;,&#39;1227429679&#39;,&#39;4489925628&#39;,&#39;스위스 허브캔디 레몬민트맛 100g x 1통&#39;);orderClickCode(&#39;buy&#39;);return false;">구매</button></span></div></div></li><li>	<a href="javascript:goMartLink(&#39;http://m.11st.co.kr/MW/Mart/martCatalogDetail.tmall?mallType=mart&amp;catalogNo=5249&#39;);">		<span class="thumb"><img src="search_mart_prd_list_files/5249_1.jpg" alt="스위스 허브캔디 레몬민트맛 100g x 6통" onerror="javascript:this.src=&#39;/MW/img/product/no_image_100.gif&#39;;"></span>		<span class="info"><span class="ico">	</span><span class="name"> 스위스 허브캔디 레몬민트맛 100g x 6통</span>	<span class="att"> <!-- 카탈로그형 --> 	</span>		</span>		<!-- 리스트 -->		<span class="grade" name="martBaseType">		</span>		<!-- 갤러리 -->		<div name="martGalleryType" style="display:none;">		<div class="price">			<del>16,660원</del>		<span class="prc"><b>15,000</b>원</span>		</div></div>		<div name="martBaseType">		<!-- 리스트 -->		<div class="price">			<del>16,660원</del>			<!-- 카탈로그형 --><span class="prc"><b>15,000</b>원</span><span class="unit">(10g당250원)</span>		</div></div>	</a>		<!-- 카탈로그형 리스트 -->		<div name="baseButtonType">	<div class="btn_set"> <button type="button" class="cart" onclick="martGoToOrder(&#39;catalogInsertCart&#39;,&#39;1169137903&#39;,&#39;4287603041&#39;,&#39;스위스 허브캔디 레몬민트맛 100g x 6통&#39;);orderClickCode(&#39;cart&#39;);return false;">담기</button> <button type="button" class="buy" onclick="martGoToOrder(&#39;catalogDirectOrder&#39;,&#39;1169137903&#39;,&#39;4287603041&#39;,&#39;스위스 허브캔디 레몬민트맛 100g x 6통&#39;);orderClickCode(&#39;buy&#39;);return false;">구매</button></div></div>		<!-- 카탈로그형 갤러리 --> <div name="galleryButtonType" style="display:none;">	<div class="btn_set"> <span><button type="button" class="cart" onclick="martGoToOrder(&#39;catalogInsertCart&#39;,&#39;1169137903&#39;,&#39;4287603041&#39;,&#39;스위스 허브캔디 레몬민트맛 100g x 6통&#39;);orderClickCode(&#39;cart&#39;);return false;">담기</button></span> <span><button type="button" class="buy" onclick="martGoToOrder(&#39;catalogDirectOrder&#39;,&#39;1169137903&#39;,&#39;4287603041&#39;,&#39;스위스 허브캔디 레몬민트맛 100g x 6통&#39;);orderClickCode(&#39;buy&#39;);return false;">구매</button></span></div></div></li><li>	<a href="javascript:goMartLink(&#39;http://m.11st.co.kr/MW/Mart/martCatalogDetail.tmall?mallType=mart&amp;catalogNo=5269&#39;);">		<span class="thumb"><img src="search_mart_prd_list_files/5269_1.jpg" alt="자일리톨 알파 330g 6개입" onerror="javascript:this.src=&#39;/MW/img/product/no_image_100.gif&#39;;"></span>		<span class="info"><span class="ico"><span class="ic dy">당일배송</span>	</span><span class="name"> 자일리톨 알파 330g 6개입</span>	<span class="att"> <!-- 카탈로그형 --> 	</span>		</span>		<!-- 리스트 -->		<span class="grade" name="martBaseType"><span class="sati mj100">만족도 100%</span><span class="rev"><b>리뷰</b>(97)</span>		</span>		<!-- 갤러리 -->		<div name="martGalleryType" style="display:none;">		<div class="price">		<span class="prc"><b>9,900</b>원</span>		</div></div>		<div name="martBaseType">		<!-- 리스트 -->		<div class="price">			<!-- 카탈로그형 --><span class="prc"><b>9,900</b>원</span><span class="unit">(10g당300원)</span>		</div></div>	</a>		<!-- 카탈로그형 리스트 -->		<div name="baseButtonType">	<div class="btn_set"> <button type="button" class="cart" onclick="martGoToOrder(&#39;catalogInsertCart&#39;,&#39;1111589391&#39;,&#39;4083564571&#39;,&#39;자일리톨 알파 330g 6개입&#39;);orderClickCode(&#39;cart&#39;);return false;">담기</button> <button type="button" class="buy" onclick="martGoToOrder(&#39;catalogDirectOrder&#39;,&#39;1111589391&#39;,&#39;4083564571&#39;,&#39;자일리톨 알파 330g 6개입&#39;);orderClickCode(&#39;buy&#39;);return false;">구매</button></div></div>		<!-- 카탈로그형 갤러리 --> <div name="galleryButtonType" style="display:none;">	<div class="btn_set"> <span><button type="button" class="cart" onclick="martGoToOrder(&#39;catalogInsertCart&#39;,&#39;1111589391&#39;,&#39;4083564571&#39;,&#39;자일리톨 알파 330g 6개입&#39;);orderClickCode(&#39;cart&#39;);return false;">담기</button></span> <span><button type="button" class="buy" onclick="martGoToOrder(&#39;catalogDirectOrder&#39;,&#39;1111589391&#39;,&#39;4083564571&#39;,&#39;자일리톨 알파 330g 6개입&#39;);orderClickCode(&#39;buy&#39;);return false;">구매</button></span></div></div></li><li>	<a href="javascript:goMartLink(&#39;http://m.11st.co.kr/MW/Mart/martCatalogDetail.tmall?mallType=mart&amp;catalogNo=26255&#39;);">		<span class="thumb"><img src="search_mart_prd_list_files/26255_1.jpg" alt="웰치스젤리 2kg x 1개" onerror="javascript:this.src=&#39;/MW/img/product/no_image_100.gif&#39;;"></span>		<span class="info"><span class="ico">	</span><span class="name"> 웰치스젤리 2kg x 1개</span>	<span class="att"> <!-- 카탈로그형 --> 	</span>		</span>		<!-- 리스트 -->		<span class="grade" name="martBaseType"><span class="sati mj100">만족도 100%</span><span class="rev"><b>리뷰</b>(4)</span>		</span>		<!-- 갤러리 -->		<div name="martGalleryType" style="display:none;">		<div class="price">		<span class="prc"><b>30,600</b>원</span>		</div></div>		<div name="martBaseType">		<!-- 리스트 -->		<div class="price">			<!-- 카탈로그형 --><span class="prc"><b>30,600</b>원</span><span class="unit">(10g당1,530원)</span>		</div></div>	</a>		<!-- 카탈로그형 리스트 -->		<div name="baseButtonType">	<div class="btn_set"> <button type="button" class="cart" onclick="martGoToOrder(&#39;catalogInsertCart&#39;,&#39;1223930272&#39;,&#39;4476490070&#39;,&#39;웰치스젤리 2kg x 1개&#39;);orderClickCode(&#39;cart&#39;);return false;">담기</button> <button type="button" class="buy" onclick="martGoToOrder(&#39;catalogDirectOrder&#39;,&#39;1223930272&#39;,&#39;4476490070&#39;,&#39;웰치스젤리 2kg x 1개&#39;);orderClickCode(&#39;buy&#39;);return false;">구매</button></div></div>		<!-- 카탈로그형 갤러리 --> <div name="galleryButtonType" style="display:none;">	<div class="btn_set"> <span><button type="button" class="cart" onclick="martGoToOrder(&#39;catalogInsertCart&#39;,&#39;1223930272&#39;,&#39;4476490070&#39;,&#39;웰치스젤리 2kg x 1개&#39;);orderClickCode(&#39;cart&#39;);return false;">담기</button></span> <span><button type="button" class="buy" onclick="martGoToOrder(&#39;catalogDirectOrder&#39;,&#39;1223930272&#39;,&#39;4476490070&#39;,&#39;웰치스젤리 2kg x 1개&#39;);orderClickCode(&#39;buy&#39;);return false;">구매</button></span></div></div></li><li>	<a href="javascript:goMartLink(&#39;http://m.11st.co.kr/MW/Mart/martCatalogDetail.tmall?mallType=mart&amp;catalogNo=17187&#39;);">		<span class="thumb"><img src="search_mart_prd_list_files/17187_1.jpg" alt="구미베어 2.72kg x 1봉" onerror="javascript:this.src=&#39;/MW/img/product/no_image_100.gif&#39;;"></span>		<span class="info"><span class="ico">	</span><span class="name"> 구미베어 2.72kg x 1봉</span>	<span class="att"> <!-- 카탈로그형 --> 	</span>		</span>		<!-- 리스트 -->		<span class="grade" name="martBaseType"><span class="sati mj100">만족도 100%</span><span class="rev"><b>리뷰</b>(4)</span>		</span>		<!-- 갤러리 -->		<div name="martGalleryType" style="display:none;">		<div class="price">			<del>19,560원</del>		<span class="prc"><b>17,610</b>원</span>		</div></div>		<div name="martBaseType">		<!-- 리스트 -->		<div class="price">			<del>19,560원</del>			<!-- 카탈로그형 --><span class="prc"><b>17,610</b>원</span><span class="unit">(10g당65원)</span>		</div></div>	</a>		<!-- 카탈로그형 리스트 -->		<div name="baseButtonType">	<div class="btn_set"> <button type="button" class="cart" onclick="martGoToOrder(&#39;catalogInsertCart&#39;,&#39;1168432762&#39;,&#39;4285520171&#39;,&#39;구미베어 2.72kg x 1봉&#39;);orderClickCode(&#39;cart&#39;);return false;">담기</button> <button type="button" class="buy" onclick="martGoToOrder(&#39;catalogDirectOrder&#39;,&#39;1168432762&#39;,&#39;4285520171&#39;,&#39;구미베어 2.72kg x 1봉&#39;);orderClickCode(&#39;buy&#39;);return false;">구매</button></div></div>		<!-- 카탈로그형 갤러리 --> <div name="galleryButtonType" style="display:none;">	<div class="btn_set"> <span><button type="button" class="cart" onclick="martGoToOrder(&#39;catalogInsertCart&#39;,&#39;1168432762&#39;,&#39;4285520171&#39;,&#39;구미베어 2.72kg x 1봉&#39;);orderClickCode(&#39;cart&#39;);return false;">담기</button></span> <span><button type="button" class="buy" onclick="martGoToOrder(&#39;catalogDirectOrder&#39;,&#39;1168432762&#39;,&#39;4285520171&#39;,&#39;구미베어 2.72kg x 1봉&#39;);orderClickCode(&#39;buy&#39;);return false;">구매</button></span></div></div></li><li>	<a href="javascript:goMartLink(&#39;http://m.11st.co.kr/MW/Mart/martCatalogDetail.tmall?mallType=mart&amp;catalogNo=11170&#39;);">		<span class="thumb"><img src="search_mart_prd_list_files/11170_1.jpg" alt="캔디통 HPL700 5L x 1개" onerror="javascript:this.src=&#39;/MW/img/product/no_image_100.gif&#39;;"></span>		<span class="info"><span class="ico">	</span><span class="name"> 캔디통 HPL700 5L x 1개</span>	<span class="att"> <!-- 카탈로그형 --> 	</span>		</span>		<!-- 리스트 -->		<span class="grade" name="martBaseType"><span class="sati mj100">만족도 100%</span><span class="rev"><b>리뷰</b>(26)</span>		</span>		<!-- 갤러리 -->		<div name="martGalleryType" style="display:none;">		<div class="price">		<span class="prc"><b>5,990</b>원</span>		</div></div>		<div name="martBaseType">		<!-- 리스트 -->		<div class="price">			<!-- 카탈로그형 --><span class="prc"><b>5,990</b>원</span><span class="unit">(개당5,990원)</span>		</div></div>	</a>		<!-- 카탈로그형 리스트 -->		<div name="baseButtonType">	<div class="btn_set"> <button type="button" class="cart" onclick="martGoToOrder(&#39;catalogInsertCart&#39;,&#39;1274993206&#39;,&#39;4656445652&#39;,&#39;캔디통 HPL700 5L x 1개&#39;);orderClickCode(&#39;cart&#39;);return false;">담기</button> <button type="button" class="buy" onclick="martGoToOrder(&#39;catalogDirectOrder&#39;,&#39;1274993206&#39;,&#39;4656445652&#39;,&#39;캔디통 HPL700 5L x 1개&#39;);orderClickCode(&#39;buy&#39;);return false;">구매</button></div></div>		<!-- 카탈로그형 갤러리 --> <div name="galleryButtonType" style="display:none;">	<div class="btn_set"> <span><button type="button" class="cart" onclick="martGoToOrder(&#39;catalogInsertCart&#39;,&#39;1274993206&#39;,&#39;4656445652&#39;,&#39;캔디통 HPL700 5L x 1개&#39;);orderClickCode(&#39;cart&#39;);return false;">담기</button></span> <span><button type="button" class="buy" onclick="martGoToOrder(&#39;catalogDirectOrder&#39;,&#39;1274993206&#39;,&#39;4656445652&#39;,&#39;캔디통 HPL700 5L x 1개&#39;);orderClickCode(&#39;buy&#39;);return false;">구매</button></span></div></div></li><li>	<a href="javascript:goMartLink(&#39;http://m.11st.co.kr/MW/Mart/martCatalogDetail.tmall?mallType=mart&amp;catalogNo=30344&#39;);">		<span class="thumb"><img src="search_mart_prd_list_files/30344_1.jpg" alt="쁘띠첼 스윗푸딩 로열커스터드 99g x 2개" onerror="javascript:this.src=&#39;/MW/img/product/no_image_100.gif&#39;;"></span>		<span class="info"><span class="ico"><span class="ic dy">당일배송</span>	</span><span class="name"> 쁘띠첼 스윗푸딩 로열커스터드 99g x 2개</span>	<span class="att"> <!-- 카탈로그형 --> <span>냉장</span>	</span>		</span>		<!-- 리스트 -->		<span class="grade" name="martBaseType"><span class="sati mj100">만족도 100%</span><span class="rev"><b>리뷰</b>(9)</span>		</span>		<!-- 갤러리 -->		<div name="martGalleryType" style="display:none;">		<div class="price">		<span class="prc"><b>3,580</b>원</span>		</div></div>		<div name="martBaseType">		<!-- 리스트 -->		<div class="price">			<!-- 카탈로그형 --><span class="prc"><b>3,580</b>원</span><span class="unit">(10g당181원)</span>		</div></div>	</a>		<!-- 카탈로그형 리스트 -->		<div name="baseButtonType">	<div class="btn_set"> <button type="button" class="cart" onclick="martGoToOrder(&#39;catalogInsertCart&#39;,&#39;1109949517&#39;,&#39;4075968205&#39;,&#39;쁘띠첼 스윗푸딩 로열커스터드 99g x 2개&#39;);orderClickCode(&#39;cart&#39;);return false;">담기</button> <button type="button" class="buy" onclick="martGoToOrder(&#39;catalogDirectOrder&#39;,&#39;1109949517&#39;,&#39;4075968205&#39;,&#39;쁘띠첼 스윗푸딩 로열커스터드 99g x 2개&#39;);orderClickCode(&#39;buy&#39;);return false;">구매</button></div></div>		<!-- 카탈로그형 갤러리 --> <div name="galleryButtonType" style="display:none;">	<div class="btn_set"> <span><button type="button" class="cart" onclick="martGoToOrder(&#39;catalogInsertCart&#39;,&#39;1109949517&#39;,&#39;4075968205&#39;,&#39;쁘띠첼 스윗푸딩 로열커스터드 99g x 2개&#39;);orderClickCode(&#39;cart&#39;);return false;">담기</button></span> <span><button type="button" class="buy" onclick="martGoToOrder(&#39;catalogDirectOrder&#39;,&#39;1109949517&#39;,&#39;4075968205&#39;,&#39;쁘띠첼 스윗푸딩 로열커스터드 99g x 2개&#39;);orderClickCode(&#39;buy&#39;);return false;">구매</button></span></div></div></li><li>	<a href="javascript:goMartLink(&#39;http://m.11st.co.kr/MW/Mart/martCatalogDetail.tmall?mallType=mart&amp;catalogNo=484008&#39;);">		<span class="thumb"><img src="search_mart_prd_list_files/484008_1.jpg" alt="후라보노 오리지날 9매 x 1개" onerror="javascript:this.src=&#39;/MW/img/product/no_image_100.gif&#39;;"></span>		<span class="info"><span class="ico"><span class="ic dy">당일배송</span>	</span><span class="name"> 후라보노 오리지날 9매 x 1개</span>	<span class="att"> <!-- 카탈로그형 --> 	</span>		</span>		<!-- 리스트 -->		<span class="grade" name="martBaseType"><span class="sati mj100">만족도 100%</span><span class="rev"><b>리뷰</b>(7)</span>		</span>		<!-- 갤러리 -->		<div name="martGalleryType" style="display:none;">		<div class="price">		<span class="prc"><b>800</b>원</span>		</div></div>		<div name="martBaseType">		<!-- 리스트 -->		<div class="price">			<!-- 카탈로그형 --><span class="prc"><b>800</b>원</span><span class="unit">(10g당308원)</span>		</div></div>	</a>		<!-- 카탈로그형 리스트 -->		<div name="baseButtonType">	<div class="btn_set"> <button type="button" class="cart" onclick="martGoToOrder(&#39;catalogInsertCart&#39;,&#39;1365710771&#39;,&#39;5098220254&#39;,&#39;후라보노 오리지날 9매 x 1개&#39;);orderClickCode(&#39;cart&#39;);return false;">담기</button> <button type="button" class="buy" onclick="martGoToOrder(&#39;catalogDirectOrder&#39;,&#39;1365710771&#39;,&#39;5098220254&#39;,&#39;후라보노 오리지날 9매 x 1개&#39;);orderClickCode(&#39;buy&#39;);return false;">구매</button></div></div>		<!-- 카탈로그형 갤러리 --> <div name="galleryButtonType" style="display:none;">	<div class="btn_set"> <span><button type="button" class="cart" onclick="martGoToOrder(&#39;catalogInsertCart&#39;,&#39;1365710771&#39;,&#39;5098220254&#39;,&#39;후라보노 오리지날 9매 x 1개&#39;);orderClickCode(&#39;cart&#39;);return false;">담기</button></span> <span><button type="button" class="buy" onclick="martGoToOrder(&#39;catalogDirectOrder&#39;,&#39;1365710771&#39;,&#39;5098220254&#39;,&#39;후라보노 오리지날 9매 x 1개&#39;);orderClickCode(&#39;buy&#39;);return false;">구매</button></span></div></div></li><li>	<a href="javascript:goMartLink(&#39;http://m.11st.co.kr/MW/Mart/martCatalogDetail.tmall?mallType=mart&amp;catalogNo=17138&#39;);">		<span class="thumb"><img src="search_mart_prd_list_files/17138_1.jpg" alt="골드베렌젤리 980g x 1통" onerror="javascript:this.src=&#39;/MW/img/product/no_image_100.gif&#39;;"></span>		<span class="info"><span class="ico"><span class="ic dy">당일배송</span>	</span><span class="name"> 골드베렌젤리 980g x 1통</span>	<span class="att"> <!-- 카탈로그형 --> 	</span>		</span>		<!-- 리스트 -->		<span class="grade" name="martBaseType"><span class="sati mj100">만족도 100%</span><span class="rev"><b>리뷰</b>(758)</span>		</span>		<!-- 갤러리 -->		<div name="martGalleryType" style="display:none;">		<div class="price">		<span class="prc"><b>13,980</b>원</span>		</div></div>		<div name="martBaseType">		<!-- 리스트 -->		<div class="price">			<!-- 카탈로그형 --><span class="prc"><b>13,980</b>원</span><span class="unit">(10g당143원)</span>		</div></div>	</a>		<!-- 카탈로그형 리스트 -->		<div name="baseButtonType">	<div class="btn_set"> <button type="button" class="cart" onclick="martGoToOrder(&#39;catalogInsertCart&#39;,&#39;1373729753&#39;,&#39;5153423471&#39;,&#39;골드베렌젤리 980g x 1통&#39;);orderClickCode(&#39;cart&#39;);return false;">담기</button> <button type="button" class="buy" onclick="martGoToOrder(&#39;catalogDirectOrder&#39;,&#39;1373729753&#39;,&#39;5153423471&#39;,&#39;골드베렌젤리 980g x 1통&#39;);orderClickCode(&#39;buy&#39;);return false;">구매</button></div></div>		<!-- 카탈로그형 갤러리 --> <div name="galleryButtonType" style="display:none;">	<div class="btn_set"> <span><button type="button" class="cart" onclick="martGoToOrder(&#39;catalogInsertCart&#39;,&#39;1373729753&#39;,&#39;5153423471&#39;,&#39;골드베렌젤리 980g x 1통&#39;);orderClickCode(&#39;cart&#39;);return false;">담기</button></span> <span><button type="button" class="buy" onclick="martGoToOrder(&#39;catalogDirectOrder&#39;,&#39;1373729753&#39;,&#39;5153423471&#39;,&#39;골드베렌젤리 980g x 1통&#39;);orderClickCode(&#39;buy&#39;);return false;">구매</button></span></div></div></li><li>	<a href="javascript:goMartLink(&#39;http://m.11st.co.kr/MW/Mart/martCatalogDetail.tmall?mallType=mart&amp;catalogNo=11962&#39;);">		<span class="thumb"><img src="search_mart_prd_list_files/11962_1.jpg" alt="마이쮸 포도+사과 328g x 1봉" onerror="javascript:this.src=&#39;/MW/img/product/no_image_100.gif&#39;;"></span>		<span class="info"><span class="ico"><span class="ic dy">당일배송</span>	</span><span class="name"> 마이쮸 포도+사과 328g x 1봉</span>	<span class="att"> <!-- 카탈로그형 --> 	</span>		</span>		<!-- 리스트 -->		<span class="grade" name="martBaseType"><span class="sati mj100">만족도 100%</span><span class="rev"><b>리뷰</b>(115)</span>		</span>		<!-- 갤러리 -->		<div name="martGalleryType" style="display:none;">		<div class="price">		<span class="prc"><b>3,450</b>원</span>		</div></div>		<div name="martBaseType">		<!-- 리스트 -->		<div class="price">			<!-- 카탈로그형 --><span class="prc"><b>3,450</b>원</span><span class="unit">(10g당105원)</span>		</div></div>	</a>		<!-- 카탈로그형 리스트 -->		<div name="baseButtonType">	<div class="btn_set"> <button type="button" class="cart" onclick="martGoToOrder(&#39;catalogInsertCart&#39;,&#39;622178933&#39;,&#39;2724748706&#39;,&#39;마이쮸 포도+사과 328g x 1봉&#39;);orderClickCode(&#39;cart&#39;);return false;">담기</button> <button type="button" class="buy" onclick="martGoToOrder(&#39;catalogDirectOrder&#39;,&#39;622178933&#39;,&#39;2724748706&#39;,&#39;마이쮸 포도+사과 328g x 1봉&#39;);orderClickCode(&#39;buy&#39;);return false;">구매</button></div></div>		<!-- 카탈로그형 갤러리 --> <div name="galleryButtonType" style="display:none;">	<div class="btn_set"> <span><button type="button" class="cart" onclick="martGoToOrder(&#39;catalogInsertCart&#39;,&#39;622178933&#39;,&#39;2724748706&#39;,&#39;마이쮸 포도+사과 328g x 1봉&#39;);orderClickCode(&#39;cart&#39;);return false;">담기</button></span> <span><button type="button" class="buy" onclick="martGoToOrder(&#39;catalogDirectOrder&#39;,&#39;622178933&#39;,&#39;2724748706&#39;,&#39;마이쮸 포도+사과 328g x 1봉&#39;);orderClickCode(&#39;buy&#39;);return false;">구매</button></span></div></div></li><li>	<a href="javascript:goMartLink(&#39;http://m.11st.co.kr/MW/Mart/martCatalogDetail.tmall?mallType=mart&amp;catalogNo=486151&#39;);">		<span class="thumb"><img src="search_mart_prd_list_files/486151_1.jpg" alt="칼라 바이 더 풋 21g x 4팩" onerror="javascript:this.src=&#39;/MW/img/product/no_image_100.gif&#39;;"></span>		<span class="info"><span class="ico"><span class="ic dy">당일배송</span>	</span><span class="name"> 칼라 바이 더 풋 21g x 4팩</span>	<span class="att"> <!-- 카탈로그형 --> 	</span>		</span>		<!-- 리스트 -->		<span class="grade" name="martBaseType"><span class="sati mj100">만족도 100%</span><span class="rev"><b>리뷰</b>(51)</span>		</span>		<!-- 갤러리 -->		<div name="martGalleryType" style="display:none;">		<div class="price">		<span class="prc"><b>2,190</b>원</span>		</div></div>		<div name="martBaseType">		<!-- 리스트 -->		<div class="price">			<!-- 카탈로그형 --><span class="prc"><b>2,190</b>원</span><span class="unit">(10g당261원)</span>		</div></div>	</a>		<!-- 카탈로그형 리스트 -->		<div name="baseButtonType">	<div class="btn_set"> <button type="button" class="cart" onclick="martGoToOrder(&#39;catalogInsertCart&#39;,&#39;1354278023&#39;,&#39;5034897162&#39;,&#39;칼라 바이 더 풋 21g x 4팩&#39;);orderClickCode(&#39;cart&#39;);return false;">담기</button> <button type="button" class="buy" onclick="martGoToOrder(&#39;catalogDirectOrder&#39;,&#39;1354278023&#39;,&#39;5034897162&#39;,&#39;칼라 바이 더 풋 21g x 4팩&#39;);orderClickCode(&#39;buy&#39;);return false;">구매</button></div></div>		<!-- 카탈로그형 갤러리 --> <div name="galleryButtonType" style="display:none;">	<div class="btn_set"> <span><button type="button" class="cart" onclick="martGoToOrder(&#39;catalogInsertCart&#39;,&#39;1354278023&#39;,&#39;5034897162&#39;,&#39;칼라 바이 더 풋 21g x 4팩&#39;);orderClickCode(&#39;cart&#39;);return false;">담기</button></span> <span><button type="button" class="buy" onclick="martGoToOrder(&#39;catalogDirectOrder&#39;,&#39;1354278023&#39;,&#39;5034897162&#39;,&#39;칼라 바이 더 풋 21g x 4팩&#39;);orderClickCode(&#39;buy&#39;);return false;">구매</button></span></div></div></li><li>	<a href="javascript:goMartLink(&#39;http://m.11st.co.kr/MW/Mart/martCatalogDetail.tmall?mallType=mart&amp;catalogNo=486143&#39;);">		<span class="thumb"><img src="search_mart_prd_list_files/486143_1.jpg" alt="베리타이다이 21g x 4팩" onerror="javascript:this.src=&#39;/MW/img/product/no_image_100.gif&#39;;"></span>		<span class="info"><span class="ico"><span class="ic dy">당일배송</span>	</span><span class="name"> 베리타이다이 21g x 4팩</span>	<span class="att"> <!-- 카탈로그형 --> 	</span>		</span>		<!-- 리스트 -->		<span class="grade" name="martBaseType"><span class="sati mj100">만족도 100%</span><span class="rev"><b>리뷰</b>(48)</span>		</span>		<!-- 갤러리 -->		<div name="martGalleryType" style="display:none;">		<div class="price">		<span class="prc"><b>2,190</b>원</span>		</div></div>		<div name="martBaseType">		<!-- 리스트 -->		<div class="price">			<!-- 카탈로그형 --><span class="prc"><b>2,190</b>원</span><span class="unit">(10g당261원)</span>		</div></div>	</a>		<!-- 카탈로그형 리스트 -->		<div name="baseButtonType">	<div class="btn_set"> <button type="button" class="cart" onclick="martGoToOrder(&#39;catalogInsertCart&#39;,&#39;1354278010&#39;,&#39;5034896991&#39;,&#39;베리타이다이 21g x 4팩&#39;);orderClickCode(&#39;cart&#39;);return false;">담기</button> <button type="button" class="buy" onclick="martGoToOrder(&#39;catalogDirectOrder&#39;,&#39;1354278010&#39;,&#39;5034896991&#39;,&#39;베리타이다이 21g x 4팩&#39;);orderClickCode(&#39;buy&#39;);return false;">구매</button></div></div>		<!-- 카탈로그형 갤러리 --> <div name="galleryButtonType" style="display:none;">	<div class="btn_set"> <span><button type="button" class="cart" onclick="martGoToOrder(&#39;catalogInsertCart&#39;,&#39;1354278010&#39;,&#39;5034896991&#39;,&#39;베리타이다이 21g x 4팩&#39;);orderClickCode(&#39;cart&#39;);return false;">담기</button></span> <span><button type="button" class="buy" onclick="martGoToOrder(&#39;catalogDirectOrder&#39;,&#39;1354278010&#39;,&#39;5034896991&#39;,&#39;베리타이다이 21g x 4팩&#39;);orderClickCode(&#39;buy&#39;);return false;">구매</button></span></div></div></li><li>	<a href="javascript:goMartLink(&#39;http://m.11st.co.kr/MW/Mart/martCatalogDetail.tmall?mallType=mart&amp;catalogNo=486146&#39;);">		<span class="thumb"><img src="search_mart_prd_list_files/486146_1.jpg" alt="스트로베리 21g x 4팩" onerror="javascript:this.src=&#39;/MW/img/product/no_image_100.gif&#39;;"></span>		<span class="info"><span class="ico"><span class="ic dy">당일배송</span>	</span><span class="name"> 스트로베리 21g x 4팩</span>	<span class="att"> <!-- 카탈로그형 --> 	</span>		</span>		<!-- 리스트 -->		<span class="grade" name="martBaseType"><span class="sati mj100">만족도 100%</span><span class="rev"><b>리뷰</b>(25)</span>		</span>		<!-- 갤러리 -->		<div name="martGalleryType" style="display:none;">		<div class="price">		<span class="prc"><b>2,190</b>원</span>		</div></div>		<div name="martBaseType">		<!-- 리스트 -->		<div class="price">			<!-- 카탈로그형 --><span class="prc"><b>2,190</b>원</span><span class="unit">(10g당261원)</span>		</div></div>	</a>		<!-- 카탈로그형 리스트 -->		<div name="baseButtonType">	<div class="btn_set"> <button type="button" class="cart" onclick="martGoToOrder(&#39;catalogInsertCart&#39;,&#39;1354278034&#39;,&#39;5034897261&#39;,&#39;스트로베리 21g x 4팩&#39;);orderClickCode(&#39;cart&#39;);return false;">담기</button> <button type="button" class="buy" onclick="martGoToOrder(&#39;catalogDirectOrder&#39;,&#39;1354278034&#39;,&#39;5034897261&#39;,&#39;스트로베리 21g x 4팩&#39;);orderClickCode(&#39;buy&#39;);return false;">구매</button></div></div>		<!-- 카탈로그형 갤러리 --> <div name="galleryButtonType" style="display:none;">	<div class="btn_set"> <span><button type="button" class="cart" onclick="martGoToOrder(&#39;catalogInsertCart&#39;,&#39;1354278034&#39;,&#39;5034897261&#39;,&#39;스트로베리 21g x 4팩&#39;);orderClickCode(&#39;cart&#39;);return false;">담기</button></span> <span><button type="button" class="buy" onclick="martGoToOrder(&#39;catalogDirectOrder&#39;,&#39;1354278034&#39;,&#39;5034897261&#39;,&#39;스트로베리 21g x 4팩&#39;);orderClickCode(&#39;buy&#39;);return false;">구매</button></span></div></div></li><li>	<a href="javascript:goMartLink(&#39;http://m.11st.co.kr/MW/Mart/martCatalogDetail.tmall?mallType=mart&amp;catalogNo=30429&#39;);">		<span class="thumb"><img src="search_mart_prd_list_files/30429_1.jpg" alt="미니버거 모양젤리 800g x 1개" onerror="javascript:this.src=&#39;/MW/img/product/no_image_100.gif&#39;;"></span>		<span class="info"><span class="ico"><span class="ic dy">당일배송</span>	</span><span class="name"> 미니버거 모양젤리 800g x 1개</span>	<span class="att"> <!-- 카탈로그형 --> 	</span>		</span>		<!-- 리스트 -->		<span class="grade" name="martBaseType"><span class="sati mj100">만족도 100%</span><span class="rev"><b>리뷰</b>(18)</span>		</span>		<!-- 갤러리 -->		<div name="martGalleryType" style="display:none;">		<div class="price">		<span class="prc"><b>19,900</b>원</span>		</div></div>		<div name="martBaseType">		<!-- 리스트 -->		<div class="price">			<!-- 카탈로그형 --><span class="prc"><b>19,900</b>원</span><span class="unit">(10g당249원)</span>		</div></div>	</a>		<!-- 카탈로그형 리스트 -->		<div name="baseButtonType">	<div class="btn_set"> <button type="button" class="cart" onclick="martGoToOrder(&#39;catalogInsertCart&#39;,&#39;1111845367&#39;,&#39;4084444193&#39;,&#39;미니버거 모양젤리 800g x 1개&#39;);orderClickCode(&#39;cart&#39;);return false;">담기</button> <button type="button" class="buy" onclick="martGoToOrder(&#39;catalogDirectOrder&#39;,&#39;1111845367&#39;,&#39;4084444193&#39;,&#39;미니버거 모양젤리 800g x 1개&#39;);orderClickCode(&#39;buy&#39;);return false;">구매</button></div></div>		<!-- 카탈로그형 갤러리 --> <div name="galleryButtonType" style="display:none;">	<div class="btn_set"> <span><button type="button" class="cart" onclick="martGoToOrder(&#39;catalogInsertCart&#39;,&#39;1111845367&#39;,&#39;4084444193&#39;,&#39;미니버거 모양젤리 800g x 1개&#39;);orderClickCode(&#39;cart&#39;);return false;">담기</button></span> <span><button type="button" class="buy" onclick="martGoToOrder(&#39;catalogDirectOrder&#39;,&#39;1111845367&#39;,&#39;4084444193&#39;,&#39;미니버거 모양젤리 800g x 1개&#39;);orderClickCode(&#39;buy&#39;);return false;">구매</button></span></div></div></li><li>	<a href="javascript:goMartLink(&#39;http://m.11st.co.kr/MW/Mart/martCatalogDetail.tmall?mallType=mart&amp;catalogNo=459938&#39;);">		<span class="thumb"><img src="search_mart_prd_list_files/459938_1.jpg" alt="마이쮸 딸기 132g x 1개" onerror="javascript:this.src=&#39;/MW/img/product/no_image_100.gif&#39;;"></span>		<span class="info"><span class="ico"><span class="ic dy">당일배송</span>	</span><span class="name"> 마이쮸 딸기 132g x 1개</span>	<span class="att"> <!-- 카탈로그형 --> 	</span>		</span>		<!-- 리스트 -->		<span class="grade" name="martBaseType"><span class="sati mj100">만족도 100%</span><span class="rev"><b>리뷰</b>(17)</span>		</span>		<!-- 갤러리 -->		<div name="martGalleryType" style="display:none;">		<div class="price">		<span class="prc"><b>1,660</b>원</span>		</div></div>		<div name="martBaseType">		<!-- 리스트 -->		<div class="price">			<!-- 카탈로그형 --><span class="prc"><b>1,660</b>원</span><span class="unit">(10g당126원)</span>		</div></div>	</a>		<!-- 카탈로그형 리스트 -->		<div name="baseButtonType">	<div class="btn_set"> <button type="button" class="cart" onclick="martGoToOrder(&#39;catalogInsertCart&#39;,&#39;1104722228&#39;,&#39;4061117209&#39;,&#39;마이쮸 딸기 132g x 1개&#39;);orderClickCode(&#39;cart&#39;);return false;">담기</button> <button type="button" class="buy" onclick="martGoToOrder(&#39;catalogDirectOrder&#39;,&#39;1104722228&#39;,&#39;4061117209&#39;,&#39;마이쮸 딸기 132g x 1개&#39;);orderClickCode(&#39;buy&#39;);return false;">구매</button></div></div>		<!-- 카탈로그형 갤러리 --> <div name="galleryButtonType" style="display:none;">	<div class="btn_set"> <span><button type="button" class="cart" onclick="martGoToOrder(&#39;catalogInsertCart&#39;,&#39;1104722228&#39;,&#39;4061117209&#39;,&#39;마이쮸 딸기 132g x 1개&#39;);orderClickCode(&#39;cart&#39;);return false;">담기</button></span> <span><button type="button" class="buy" onclick="martGoToOrder(&#39;catalogDirectOrder&#39;,&#39;1104722228&#39;,&#39;4061117209&#39;,&#39;마이쮸 딸기 132g x 1개&#39;);orderClickCode(&#39;buy&#39;);return false;">구매</button></span></div></div></li><li>	<a href="javascript:goMartLink(&#39;http://m.11st.co.kr/MW/Mart/martCatalogDetail.tmall?mallType=mart&amp;catalogNo=66680&#39;);">		<span class="thumb"><img src="search_mart_prd_list_files/66680_1.jpg" alt="탱글탱글 상큼한 제리뽀 12개입 x 1봉 (720g)" onerror="javascript:this.src=&#39;/MW/img/product/no_image_100.gif&#39;;"></span>		<span class="info"><span class="ico"><span class="ic dy">당일배송</span>	</span><span class="name"> 탱글탱글 상큼한 제리뽀 12개입 x 1봉 (720g)</span>	<span class="att"> <!-- 카탈로그형 --> 	</span>		</span>		<!-- 리스트 -->		<span class="grade" name="martBaseType"><span class="sati mj100">만족도 100%</span><span class="rev"><b>리뷰</b>(15)</span>		</span>		<!-- 갤러리 -->		<div name="martGalleryType" style="display:none;">		<div class="price">		<span class="prc"><b>3,790</b>원</span>		</div></div>		<div name="martBaseType">		<!-- 리스트 -->		<div class="price">			<!-- 카탈로그형 --><span class="prc"><b>3,790</b>원</span><span class="unit">(10g당53원)</span>		</div></div>	</a>		<!-- 카탈로그형 리스트 -->		<div name="baseButtonType">	<div class="btn_set"> <button type="button" class="cart" onclick="martGoToOrder(&#39;catalogInsertCart&#39;,&#39;1109952529&#39;,&#39;4075982515&#39;,&#39;탱글탱글 상큼한 제리뽀 12개입 x 1봉 (720g)&#39;);orderClickCode(&#39;cart&#39;);return false;">담기</button> <button type="button" class="buy" onclick="martGoToOrder(&#39;catalogDirectOrder&#39;,&#39;1109952529&#39;,&#39;4075982515&#39;,&#39;탱글탱글 상큼한 제리뽀 12개입 x 1봉 (720g)&#39;);orderClickCode(&#39;buy&#39;);return false;">구매</button></div></div>		<!-- 카탈로그형 갤러리 --> <div name="galleryButtonType" style="display:none;">	<div class="btn_set"> <span><button type="button" class="cart" onclick="martGoToOrder(&#39;catalogInsertCart&#39;,&#39;1109952529&#39;,&#39;4075982515&#39;,&#39;탱글탱글 상큼한 제리뽀 12개입 x 1봉 (720g)&#39;);orderClickCode(&#39;cart&#39;);return false;">담기</button></span> <span><button type="button" class="buy" onclick="martGoToOrder(&#39;catalogDirectOrder&#39;,&#39;1109952529&#39;,&#39;4075982515&#39;,&#39;탱글탱글 상큼한 제리뽀 12개입 x 1봉 (720g)&#39;);orderClickCode(&#39;buy&#39;);return false;">구매</button></span></div></div></li><li>	<a href="javascript:goMartLink(&#39;http://m.11st.co.kr/MW/Mart/martCatalogDetail.tmall?mallType=mart&amp;catalogNo=24254&#39;);">		<span class="thumb"><img src="search_mart_prd_list_files/24254_1.jpg" alt="젤리스트로우 800g x 2개" onerror="javascript:this.src=&#39;/MW/img/product/no_image_100.gif&#39;;"></span>		<span class="info"><span class="ico"><span class="ic dy">무료배송</span>	</span><span class="name"> 젤리스트로우 800g x 2개</span>	<span class="att"> <!-- 카탈로그형 --> 	</span>		</span>		<!-- 리스트 -->		<span class="grade" name="martBaseType"><span class="sati mj100">만족도 100%</span><span class="rev"><b>리뷰</b>(15)</span>		</span>		<!-- 갤러리 -->		<div name="martGalleryType" style="display:none;">		<div class="price">		<span class="prc"><b>14,500</b>원</span>		</div></div>		<div name="martBaseType">		<!-- 리스트 -->		<div class="price">			<!-- 카탈로그형 --><span class="prc"><b>14,500</b>원</span><span class="unit">(10g당91원)</span>		</div></div>	</a>		<!-- 카탈로그형 리스트 -->		<div name="baseButtonType">	<div class="btn_set"> <button type="button" class="cart" onclick="martGoToOrder(&#39;catalogInsertCart&#39;,&#39;1280766104&#39;,&#39;4679391693&#39;,&#39;젤리스트로우 800g x 2개&#39;);orderClickCode(&#39;cart&#39;);return false;">담기</button> <button type="button" class="buy" onclick="martGoToOrder(&#39;catalogDirectOrder&#39;,&#39;1280766104&#39;,&#39;4679391693&#39;,&#39;젤리스트로우 800g x 2개&#39;);orderClickCode(&#39;buy&#39;);return false;">구매</button></div></div>		<!-- 카탈로그형 갤러리 --> <div name="galleryButtonType" style="display:none;">	<div class="btn_set"> <span><button type="button" class="cart" onclick="martGoToOrder(&#39;catalogInsertCart&#39;,&#39;1280766104&#39;,&#39;4679391693&#39;,&#39;젤리스트로우 800g x 2개&#39;);orderClickCode(&#39;cart&#39;);return false;">담기</button></span> <span><button type="button" class="buy" onclick="martGoToOrder(&#39;catalogDirectOrder&#39;,&#39;1280766104&#39;,&#39;4679391693&#39;,&#39;젤리스트로우 800g x 2개&#39;);orderClickCode(&#39;buy&#39;);return false;">구매</button></span></div></div></li><li>	<a href="javascript:goMartLink(&#39;http://m.11st.co.kr/MW/Mart/martCatalogDetail.tmall?mallType=mart&amp;catalogNo=459940&#39;);">		<span class="thumb"><img src="search_mart_prd_list_files/459940_1.jpg" alt="마이쮸 복숭아 132g x 1개" onerror="javascript:this.src=&#39;/MW/img/product/no_image_100.gif&#39;;"></span>		<span class="info"><span class="ico"><span class="ic dy">당일배송</span>	</span><span class="name"> 마이쮸 복숭아 132g x 1개</span>	<span class="att"> <!-- 카탈로그형 --> 	</span>		</span>		<!-- 리스트 -->		<span class="grade" name="martBaseType"><span class="sati mj100">만족도 100%</span><span class="rev"><b>리뷰</b>(13)</span>		</span>		<!-- 갤러리 -->		<div name="martGalleryType" style="display:none;">		<div class="price">		<span class="prc"><b>1,660</b>원</span>		</div></div>		<div name="martBaseType">		<!-- 리스트 -->		<div class="price">			<!-- 카탈로그형 --><span class="prc"><b>1,660</b>원</span><span class="unit">(10g당126원)</span>		</div></div>	</a>		<!-- 카탈로그형 리스트 -->		<div name="baseButtonType">	<div class="btn_set"> <button type="button" class="cart" onclick="martGoToOrder(&#39;catalogInsertCart&#39;,&#39;1104954195&#39;,&#39;4062293997&#39;,&#39;마이쮸 복숭아 132g x 1개&#39;);orderClickCode(&#39;cart&#39;);return false;">담기</button> <button type="button" class="buy" onclick="martGoToOrder(&#39;catalogDirectOrder&#39;,&#39;1104954195&#39;,&#39;4062293997&#39;,&#39;마이쮸 복숭아 132g x 1개&#39;);orderClickCode(&#39;buy&#39;);return false;">구매</button></div></div>		<!-- 카탈로그형 갤러리 --> <div name="galleryButtonType" style="display:none;">	<div class="btn_set"> <span><button type="button" class="cart" onclick="martGoToOrder(&#39;catalogInsertCart&#39;,&#39;1104954195&#39;,&#39;4062293997&#39;,&#39;마이쮸 복숭아 132g x 1개&#39;);orderClickCode(&#39;cart&#39;);return false;">담기</button></span> <span><button type="button" class="buy" onclick="martGoToOrder(&#39;catalogDirectOrder&#39;,&#39;1104954195&#39;,&#39;4062293997&#39;,&#39;마이쮸 복숭아 132g x 1개&#39;);orderClickCode(&#39;buy&#39;);return false;">구매</button></span></div></div></li><li>	<a href="javascript:goMartLink(&#39;http://m.11st.co.kr/MW/Mart/martCatalogDetail.tmall?mallType=mart&amp;catalogNo=484000&#39;);"><div class="mk">	<span class="ntn1">HACCP</span></div>		<span class="thumb"><img src="search_mart_prd_list_files/484000_1.jpg" alt="아이스쿨 82g x 1통" onerror="javascript:this.src=&#39;/MW/img/product/no_image_100.gif&#39;;"></span>		<span class="info"><span class="ico"><span class="ic dy">당일배송</span>	</span><span class="name"> 아이스쿨 82g x 1통</span>	<span class="att"> <!-- 카탈로그형 --> <span>국가인증</span>	</span>		</span>		<!-- 리스트 -->		<span class="grade" name="martBaseType"><span class="sati mj100">만족도 100%</span><span class="rev"><b>리뷰</b>(12)</span>		</span>		<!-- 갤러리 -->		<div name="martGalleryType" style="display:none;">		<div class="price">		<span class="prc"><b>3,980</b>원</span>		</div></div>		<div name="martBaseType">		<!-- 리스트 -->		<div class="price">			<!-- 카탈로그형 --><span class="prc"><b>3,980</b>원</span><span class="unit">(10g당485원)</span>		</div></div>	</a>		<!-- 카탈로그형 리스트 -->		<div name="baseButtonType">	<div class="btn_set"> <button type="button" class="cart" onclick="martGoToOrder(&#39;catalogInsertCart&#39;,&#39;1365715219&#39;,&#39;5098240847&#39;,&#39;아이스쿨 82g x 1통&#39;);orderClickCode(&#39;cart&#39;);return false;">담기</button> <button type="button" class="buy" onclick="martGoToOrder(&#39;catalogDirectOrder&#39;,&#39;1365715219&#39;,&#39;5098240847&#39;,&#39;아이스쿨 82g x 1통&#39;);orderClickCode(&#39;buy&#39;);return false;">구매</button></div></div>		<!-- 카탈로그형 갤러리 --> <div name="galleryButtonType" style="display:none;">	<div class="btn_set"> <span><button type="button" class="cart" onclick="martGoToOrder(&#39;catalogInsertCart&#39;,&#39;1365715219&#39;,&#39;5098240847&#39;,&#39;아이스쿨 82g x 1통&#39;);orderClickCode(&#39;cart&#39;);return false;">담기</button></span> <span><button type="button" class="buy" onclick="martGoToOrder(&#39;catalogDirectOrder&#39;,&#39;1365715219&#39;,&#39;5098240847&#39;,&#39;아이스쿨 82g x 1통&#39;);orderClickCode(&#39;buy&#39;);return false;">구매</button></span></div></div></li><li>	<a href="javascript:goMartLink(&#39;http://m.11st.co.kr/MW/Mart/martCatalogDetail.tmall?mallType=mart&amp;catalogNo=459949&#39;);">		<span class="thumb"><img src="search_mart_prd_list_files/459949_1.jpg" alt="마이쮸 포도 132g x 1개" onerror="javascript:this.src=&#39;/MW/img/product/no_image_100.gif&#39;;"></span>		<span class="info"><span class="ico">	</span><span class="name"> 마이쮸 포도 132g x 1개</span>	<span class="att"> <!-- 카탈로그형 --> 	</span>		</span>		<!-- 리스트 -->		<span class="grade" name="martBaseType"><span class="sati mj100">만족도 100%</span><span class="rev"><b>리뷰</b>(12)</span>		</span>		<!-- 갤러리 -->		<div name="martGalleryType" style="display:none;">		<div class="price">		<span class="prc"><b>1,580</b>원</span>		</div></div>		<div name="martBaseType">		<!-- 리스트 -->		<div class="price">			<!-- 카탈로그형 --><span class="prc"><b>1,580</b>원</span><span class="unit">(10g당120원)</span>		</div></div>	</a>		<!-- 카탈로그형 리스트 -->		<div name="baseButtonType">	<div class="btn_set"> <button type="button" class="cart" onclick="martGoToOrder(&#39;catalogInsertCart&#39;,&#39;1171832548&#39;,&#39;4295504845&#39;,&#39;마이쮸 포도 132g x 1개&#39;);orderClickCode(&#39;cart&#39;);return false;">담기</button> <button type="button" class="buy" onclick="martGoToOrder(&#39;catalogDirectOrder&#39;,&#39;1171832548&#39;,&#39;4295504845&#39;,&#39;마이쮸 포도 132g x 1개&#39;);orderClickCode(&#39;buy&#39;);return false;">구매</button></div></div>		<!-- 카탈로그형 갤러리 --> <div name="galleryButtonType" style="display:none;">	<div class="btn_set"> <span><button type="button" class="cart" onclick="martGoToOrder(&#39;catalogInsertCart&#39;,&#39;1171832548&#39;,&#39;4295504845&#39;,&#39;마이쮸 포도 132g x 1개&#39;);orderClickCode(&#39;cart&#39;);return false;">담기</button></span> <span><button type="button" class="buy" onclick="martGoToOrder(&#39;catalogDirectOrder&#39;,&#39;1171832548&#39;,&#39;4295504845&#39;,&#39;마이쮸 포도 132g x 1개&#39;);orderClickCode(&#39;buy&#39;);return false;">구매</button></span></div></div></li><li>	<a href="javascript:goMartLink(&#39;http://m.11st.co.kr/MW/Mart/martCatalogDetail.tmall?mallType=mart&amp;catalogNo=484112&#39;);">		<span class="thumb"><img src="search_mart_prd_list_files/484112_1.jpg" alt="츄파춥스 젤리핑키스 90g x 1개" onerror="javascript:this.src=&#39;/MW/img/product/no_image_100.gif&#39;;"></span>		<span class="info"><span class="ico"><span class="ic dy">당일배송</span>	</span><span class="name"> 츄파춥스 젤리핑키스 90g x 1개</span>	<span class="att"> <!-- 카탈로그형 --> 	</span>		</span>		<!-- 리스트 -->		<span class="grade" name="martBaseType"><span class="sati mj100">만족도 100%</span><span class="rev"><b>리뷰</b>(8)</span>		</span>		<!-- 갤러리 -->		<div name="martGalleryType" style="display:none;">		<div class="price">		<span class="prc"><b>1,250</b>원</span>		</div></div>		<div name="martBaseType">		<!-- 리스트 -->		<div class="price">			<!-- 카탈로그형 --><span class="prc"><b>1,250</b>원</span><span class="unit">(10g당139원)</span>		</div></div>	</a>		<!-- 카탈로그형 리스트 -->		<div name="baseButtonType">	<div class="btn_set"> <button type="button" class="cart" onclick="martGoToOrder(&#39;catalogInsertCart&#39;,&#39;1366445149&#39;,&#39;5102073118&#39;,&#39;츄파춥스 젤리핑키스 90g x 1개&#39;);orderClickCode(&#39;cart&#39;);return false;">담기</button> <button type="button" class="buy" onclick="martGoToOrder(&#39;catalogDirectOrder&#39;,&#39;1366445149&#39;,&#39;5102073118&#39;,&#39;츄파춥스 젤리핑키스 90g x 1개&#39;);orderClickCode(&#39;buy&#39;);return false;">구매</button></div></div>		<!-- 카탈로그형 갤러리 --> <div name="galleryButtonType" style="display:none;">	<div class="btn_set"> <span><button type="button" class="cart" onclick="martGoToOrder(&#39;catalogInsertCart&#39;,&#39;1366445149&#39;,&#39;5102073118&#39;,&#39;츄파춥스 젤리핑키스 90g x 1개&#39;);orderClickCode(&#39;cart&#39;);return false;">담기</button></span> <span><button type="button" class="buy" onclick="martGoToOrder(&#39;catalogDirectOrder&#39;,&#39;1366445149&#39;,&#39;5102073118&#39;,&#39;츄파춥스 젤리핑키스 90g x 1개&#39;);orderClickCode(&#39;buy&#39;);return false;">구매</button></span></div></div></li><li>	<a href="javascript:goMartLink(&#39;http://m.11st.co.kr/MW/Mart/martCatalogDetail.tmall?mallType=mart&amp;catalogNo=17174&#39;);">		<span class="thumb"><img src="search_mart_prd_list_files/17174_1.jpg" alt="골드베렌젤리 200g x 1봉" onerror="javascript:this.src=&#39;/MW/img/product/no_image_100.gif&#39;;"></span>		<span class="info"><span class="ico"><span class="ic dy">당일배송</span>	</span><span class="name"> 골드베렌젤리 200g x 1봉</span>	<span class="att"> <!-- 카탈로그형 --> 	</span>		</span>		<!-- 리스트 -->		<span class="grade" name="martBaseType"><span class="sati mj100">만족도 100%</span><span class="rev"><b>리뷰</b>(7)</span>		</span>		<!-- 갤러리 -->		<div name="martGalleryType" style="display:none;">		<div class="price">		<span class="prc"><b>3,190</b>원</span>		</div></div>		<div name="martBaseType">		<!-- 리스트 -->		<div class="price">			<!-- 카탈로그형 --><span class="prc"><b>3,190</b>원</span><span class="unit">(10g당160원)</span>		</div></div>	</a>		<!-- 카탈로그형 리스트 -->		<div name="baseButtonType">	<div class="btn_set"> <button type="button" class="cart" onclick="martGoToOrder(&#39;catalogInsertCart&#39;,&#39;1256346333&#39;,&#39;4589279511&#39;,&#39;골드베렌젤리 200g x 1봉&#39;);orderClickCode(&#39;cart&#39;);return false;">담기</button> <button type="button" class="buy" onclick="martGoToOrder(&#39;catalogDirectOrder&#39;,&#39;1256346333&#39;,&#39;4589279511&#39;,&#39;골드베렌젤리 200g x 1봉&#39;);orderClickCode(&#39;buy&#39;);return false;">구매</button></div></div>		<!-- 카탈로그형 갤러리 --> <div name="galleryButtonType" style="display:none;">	<div class="btn_set"> <span><button type="button" class="cart" onclick="martGoToOrder(&#39;catalogInsertCart&#39;,&#39;1256346333&#39;,&#39;4589279511&#39;,&#39;골드베렌젤리 200g x 1봉&#39;);orderClickCode(&#39;cart&#39;);return false;">담기</button></span> <span><button type="button" class="buy" onclick="martGoToOrder(&#39;catalogDirectOrder&#39;,&#39;1256346333&#39;,&#39;4589279511&#39;,&#39;골드베렌젤리 200g x 1봉&#39;);orderClickCode(&#39;buy&#39;);return false;">구매</button></span></div></div></li><li>	<a href="javascript:goMartLink(&#39;http://m.11st.co.kr/MW/Mart/martCatalogDetail.tmall?mallType=mart&amp;catalogNo=471262&#39;);">		<span class="thumb"><img src="search_mart_prd_list_files/471262_1.jpg" alt="츄파춥스 젤리 사워게코 90g x 1개" onerror="javascript:this.src=&#39;/MW/img/product/no_image_100.gif&#39;;"></span>		<span class="info"><span class="ico"><span class="ic dy">당일배송</span>	</span><span class="name"> 츄파춥스 젤리 사워게코 90g x 1개</span>	<span class="att"> <!-- 카탈로그형 --> 	</span>		</span>		<!-- 리스트 -->		<span class="grade" name="martBaseType"><span class="sati mj100">만족도 100%</span><span class="rev"><b>리뷰</b>(6)</span>		</span>		<!-- 갤러리 -->		<div name="martGalleryType" style="display:none;">		<div class="price">		<span class="prc"><b>1,250</b>원</span>		</div></div>		<div name="martBaseType">		<!-- 리스트 -->		<div class="price">			<!-- 카탈로그형 --><span class="prc"><b>1,250</b>원</span><span class="unit">(10g당139원)</span>		</div></div>	</a>		<!-- 카탈로그형 리스트 -->		<div name="baseButtonType">	<div class="btn_set"> <button type="button" class="cart" onclick="martGoToOrder(&#39;catalogInsertCart&#39;,&#39;1332451490&#39;,&#39;4930975249&#39;,&#39;츄파춥스 젤리 사워게코 90g x 1개&#39;);orderClickCode(&#39;cart&#39;);return false;">담기</button> <button type="button" class="buy" onclick="martGoToOrder(&#39;catalogDirectOrder&#39;,&#39;1332451490&#39;,&#39;4930975249&#39;,&#39;츄파춥스 젤리 사워게코 90g x 1개&#39;);orderClickCode(&#39;buy&#39;);return false;">구매</button></div></div>		<!-- 카탈로그형 갤러리 --> <div name="galleryButtonType" style="display:none;">	<div class="btn_set"> <span><button type="button" class="cart" onclick="martGoToOrder(&#39;catalogInsertCart&#39;,&#39;1332451490&#39;,&#39;4930975249&#39;,&#39;츄파춥스 젤리 사워게코 90g x 1개&#39;);orderClickCode(&#39;cart&#39;);return false;">담기</button></span> <span><button type="button" class="buy" onclick="martGoToOrder(&#39;catalogDirectOrder&#39;,&#39;1332451490&#39;,&#39;4930975249&#39;,&#39;츄파춥스 젤리 사워게코 90g x 1개&#39;);orderClickCode(&#39;buy&#39;);return false;">구매</button></span></div></div></li><li>	<a href="javascript:goMartLink(&#39;http://m.11st.co.kr/MW/Mart/martCatalogDetail.tmall?mallType=mart&amp;catalogNo=30347&#39;);">		<span class="thumb"><img src="search_mart_prd_list_files/30347_1.jpg" alt="쁘띠첼 스윗푸딩 생크림커스터드 95g x 1개" onerror="javascript:this.src=&#39;/MW/img/product/no_image_100.gif&#39;;"></span>		<span class="info"><span class="ico">	</span><span class="name"> 쁘띠첼 스윗푸딩 생크림커스터드 95g x 1개</span>	<span class="att"> <!-- 카탈로그형 --> <span>냉장</span>	</span>		</span>		<!-- 리스트 -->		<span class="grade" name="martBaseType"><span class="sati mj100">만족도 100%</span><span class="rev"><b>리뷰</b>(6)</span>		</span>		<!-- 갤러리 -->		<div name="martGalleryType" style="display:none;">		<div class="price">			<del>1,880원</del>		<span class="prc"><b>1,850</b>원</span>		</div></div>		<div name="martBaseType">		<!-- 리스트 -->		<div class="price">			<del>1,880원</del>			<!-- 카탈로그형 --><span class="prc"><b>1,850</b>원</span><span class="unit">(10g당195원)</span>		</div></div>	</a>		<!-- 카탈로그형 리스트 -->		<div name="baseButtonType">	<div class="btn_set"> <button type="button" class="cart" onclick="martGoToOrder(&#39;catalogInsertCart&#39;,&#39;976562962&#39;,&#39;3619074157&#39;,&#39;쁘띠첼 스윗푸딩 생크림커스터드 95g x 1개&#39;);orderClickCode(&#39;cart&#39;);return false;">담기</button> <button type="button" class="buy" onclick="martGoToOrder(&#39;catalogDirectOrder&#39;,&#39;976562962&#39;,&#39;3619074157&#39;,&#39;쁘띠첼 스윗푸딩 생크림커스터드 95g x 1개&#39;);orderClickCode(&#39;buy&#39;);return false;">구매</button></div></div>		<!-- 카탈로그형 갤러리 --> <div name="galleryButtonType" style="display:none;">	<div class="btn_set"> <span><button type="button" class="cart" onclick="martGoToOrder(&#39;catalogInsertCart&#39;,&#39;976562962&#39;,&#39;3619074157&#39;,&#39;쁘띠첼 스윗푸딩 생크림커스터드 95g x 1개&#39;);orderClickCode(&#39;cart&#39;);return false;">담기</button></span> <span><button type="button" class="buy" onclick="martGoToOrder(&#39;catalogDirectOrder&#39;,&#39;976562962&#39;,&#39;3619074157&#39;,&#39;쁘띠첼 스윗푸딩 생크림커스터드 95g x 1개&#39;);orderClickCode(&#39;buy&#39;);return false;">구매</button></span></div></div></li><li>	<a href="javascript:goMartLink(&#39;http://m.11st.co.kr/MW/Mart/martCatalogDetail.tmall?mallType=mart&amp;catalogNo=465026&#39;);">		<span class="thumb"><img src="search_mart_prd_list_files/465026_1.jpg" alt="후라보노 레이디 9매 x 1개" onerror="javascript:this.src=&#39;/MW/img/product/no_image_100.gif&#39;;"></span>		<span class="info"><span class="ico"><span class="ic dy">당일배송</span>	</span><span class="name"> 후라보노 레이디 9매 x 1개</span>	<span class="att"> <!-- 카탈로그형 --> 	</span>		</span>		<!-- 리스트 -->		<span class="grade" name="martBaseType"><span class="sati mj100">만족도 100%</span><span class="rev"><b>리뷰</b>(5)</span>		</span>		<!-- 갤러리 -->		<div name="martGalleryType" style="display:none;">		<div class="price">		<span class="prc"><b>800</b>원</span>		</div></div>		<div name="martBaseType">		<!-- 리스트 -->		<div class="price">			<!-- 카탈로그형 --><span class="prc"><b>800</b>원</span><span class="unit">(10g당308원)</span>		</div></div>	</a>		<!-- 카탈로그형 리스트 -->		<div name="baseButtonType">	<div class="btn_set"> <button type="button" class="cart" onclick="martGoToOrder(&#39;catalogInsertCart&#39;,&#39;1353046945&#39;,&#39;5027684651&#39;,&#39;후라보노 레이디 9매 x 1개&#39;);orderClickCode(&#39;cart&#39;);return false;">담기</button> <button type="button" class="buy" onclick="martGoToOrder(&#39;catalogDirectOrder&#39;,&#39;1353046945&#39;,&#39;5027684651&#39;,&#39;후라보노 레이디 9매 x 1개&#39;);orderClickCode(&#39;buy&#39;);return false;">구매</button></div></div>		<!-- 카탈로그형 갤러리 --> <div name="galleryButtonType" style="display:none;">	<div class="btn_set"> <span><button type="button" class="cart" onclick="martGoToOrder(&#39;catalogInsertCart&#39;,&#39;1353046945&#39;,&#39;5027684651&#39;,&#39;후라보노 레이디 9매 x 1개&#39;);orderClickCode(&#39;cart&#39;);return false;">담기</button></span> <span><button type="button" class="buy" onclick="martGoToOrder(&#39;catalogDirectOrder&#39;,&#39;1353046945&#39;,&#39;5027684651&#39;,&#39;후라보노 레이디 9매 x 1개&#39;);orderClickCode(&#39;buy&#39;);return false;">구매</button></span></div></div></li><li>	<a href="javascript:goMartLink(&#39;http://m.11st.co.kr/MW/Product/productBasicInfo.tmall?mallType=mart&amp;prdNo=1448472189&#39;);">		<span class="thumb"><img src="search_mart_prd_list_files/1448472189_B.jpg" alt="3+1 중외제약 업그레이드 유산균캔디(총 4병 52일분)" onerror="javascript:this.src=&#39;/MW/img/product/no_image_100.gif&#39;;"></span>		<span class="info"><span class="ico"><span class="ic dy">무료배송</span>	</span><span class="name"> 3+1 중외제약 업그레이드 유산균캔디(총 4병 52일분)</span>		</span>		<!-- 리스트 -->		<span class="grade" name="martBaseType"><span class="sati mj100">만족도 100%</span><span class="rev"><b>리뷰</b>(3)</span>		</span>		<!-- 갤러리 -->		<div name="martGalleryType" style="display:none;">		<div class="price">			<del>21,900원</del>		<span class="prc"><b>20,400</b>원</span>		</div></div>		<div name="martBaseType">		<!-- 리스트 -->		<div class="price">			<del>21,900원</del>			<!-- 상품형 --><span class="prc"><b>20,400</b>원</span>		</div></div>	</a>		<!-- 상품형 리스트 -->		<div name="baseButtonType">	<div class="btn_set"> <button type="button" class="cart" onclick="martGoToOrder(&#39;insertCart&#39;,&#39;1448472189&#39;,&#39;&#39;,&#39;3+1 중외제약 업그레이드 유산균캔디(총 4병 52일분)&#39;);orderClickCode(&#39;cart&#39;);return false;">담기</button> <button type="button" class="buy" onclick="martGoToOrder(&#39;directOrder&#39;,&#39;1448472189&#39;,&#39;&#39;,&#39;3+1 중외제약 업그레이드 유산균캔디(총 4병 52일분)&#39;);orderClickCode(&#39;buy&#39;);return false;">구매</button></div></div>		<!-- 상품형 갤러리 -->		<div name="galleryButtonType" style="display:none;">	<div class="btn_set"> <span><button type="button" class="cart" onclick="martGoToOrder(&#39;insertCart&#39;,&#39;1448472189&#39;,&#39;&#39;,&#39;3+1 중외제약 업그레이드 유산균캔디(총 4병 52일분)&#39;);orderClickCode(&#39;cart&#39;);return false;">담기</button></span> <span><button type="button" class="buy" onclick="martGoToOrder(&#39;directOrder&#39;,&#39;1448472189&#39;,&#39;&#39;,&#39;3+1 중외제약 업그레이드 유산균캔디(총 4병 52일분)&#39;);orderClickCode(&#39;buy&#39;);return false;">구매</button></span></div></div></li><li>	<a href="javascript:goMartLink(&#39;http://m.11st.co.kr/MW/Mart/martCatalogDetail.tmall?mallType=mart&amp;catalogNo=459989&#39;);">		<span class="thumb"><img src="search_mart_prd_list_files/459989_1.jpg" alt="땅콩 카라멜140g" onerror="javascript:this.src=&#39;/MW/img/product/no_image_100.gif&#39;;"></span>		<span class="info"><span class="ico"><span class="ic dy">당일배송</span>	</span><span class="name"> 땅콩 카라멜140g</span>	<span class="att"> <!-- 카탈로그형 --> 	</span>		</span>		<!-- 리스트 -->		<span class="grade" name="martBaseType">		</span>		<!-- 갤러리 -->		<div name="martGalleryType" style="display:none;">		<div class="price">		<span class="prc"><b>1,600</b>원</span>		</div></div>		<div name="martBaseType">		<!-- 리스트 -->		<div class="price">			<!-- 카탈로그형 --><span class="prc"><b>1,600</b>원</span><span class="unit">(10g당114원)</span>		</div></div>	</a>		<!-- 카탈로그형 리스트 -->		<div name="baseButtonType">	<div class="btn_set"> <button type="button" class="cart" onclick="martGoToOrder(&#39;catalogInsertCart&#39;,&#39;1060768967&#39;,&#39;3883135573&#39;,&#39;땅콩 카라멜140g&#39;);orderClickCode(&#39;cart&#39;);return false;">담기</button> <button type="button" class="buy" onclick="martGoToOrder(&#39;catalogDirectOrder&#39;,&#39;1060768967&#39;,&#39;3883135573&#39;,&#39;땅콩 카라멜140g&#39;);orderClickCode(&#39;buy&#39;);return false;">구매</button></div></div>		<!-- 카탈로그형 갤러리 --> <div name="galleryButtonType" style="display:none;">	<div class="btn_set"> <span><button type="button" class="cart" onclick="martGoToOrder(&#39;catalogInsertCart&#39;,&#39;1060768967&#39;,&#39;3883135573&#39;,&#39;땅콩 카라멜140g&#39;);orderClickCode(&#39;cart&#39;);return false;">담기</button></span> <span><button type="button" class="buy" onclick="martGoToOrder(&#39;catalogDirectOrder&#39;,&#39;1060768967&#39;,&#39;3883135573&#39;,&#39;땅콩 카라멜140g&#39;);orderClickCode(&#39;buy&#39;);return false;">구매</button></span></div></div></li><li>	<a href="javascript:goMartLink(&#39;http://m.11st.co.kr/MW/Mart/martCatalogDetail.tmall?mallType=mart&amp;catalogNo=35984&#39;);">		<span class="thumb"><img src="search_mart_prd_list_files/35984_1.jpg" alt="쁘띠첼 워터젤리 자몽 에이드 130ml x 12개" onerror="javascript:this.src=&#39;/MW/img/product/no_image_100.gif&#39;;"></span>		<span class="info"><span class="ico"><span class="ic dy">무료배송</span>	</span><span class="name"> 쁘띠첼 워터젤리 자몽 에이드 130ml x 12개</span>	<span class="att"> <!-- 카탈로그형 --> 	</span>		</span>		<!-- 리스트 -->		<span class="grade" name="martBaseType"><span class="sati mj100">만족도 100%</span><span class="rev"><b>리뷰</b>(3)</span>		</span>		<!-- 갤러리 -->		<div name="martGalleryType" style="display:none;">		<div class="price">			<del>12,800원</del>		<span class="prc"><b>12,090</b>원</span>		</div></div>		<div name="martBaseType">		<!-- 리스트 -->		<div class="price">			<del>12,800원</del>			<!-- 카탈로그형 --><span class="prc"><b>12,090</b>원</span><span class="unit">(100ml당775원)</span>		</div></div>	</a>		<!-- 카탈로그형 리스트 -->		<div name="baseButtonType">	<div class="btn_set"> <button type="button" class="cart" onclick="martGoToOrder(&#39;catalogInsertCart&#39;,&#39;1131834684&#39;,&#39;4161765503&#39;,&#39;쁘띠첼 워터젤리 자몽 에이드 130ml x 12개&#39;);orderClickCode(&#39;cart&#39;);return false;">담기</button> <button type="button" class="buy" onclick="martGoToOrder(&#39;catalogDirectOrder&#39;,&#39;1131834684&#39;,&#39;4161765503&#39;,&#39;쁘띠첼 워터젤리 자몽 에이드 130ml x 12개&#39;);orderClickCode(&#39;buy&#39;);return false;">구매</button></div></div>		<!-- 카탈로그형 갤러리 --> <div name="galleryButtonType" style="display:none;">	<div class="btn_set"> <span><button type="button" class="cart" onclick="martGoToOrder(&#39;catalogInsertCart&#39;,&#39;1131834684&#39;,&#39;4161765503&#39;,&#39;쁘띠첼 워터젤리 자몽 에이드 130ml x 12개&#39;);orderClickCode(&#39;cart&#39;);return false;">담기</button></span> <span><button type="button" class="buy" onclick="martGoToOrder(&#39;catalogDirectOrder&#39;,&#39;1131834684&#39;,&#39;4161765503&#39;,&#39;쁘띠첼 워터젤리 자몽 에이드 130ml x 12개&#39;);orderClickCode(&#39;buy&#39;);return false;">구매</button></span></div></div></li><li>	<a href="javascript:goMartLink(&#39;http://m.11st.co.kr/MW/Mart/martCatalogDetail.tmall?mallType=mart&amp;catalogNo=31911&#39;);">		<span class="thumb"><img src="search_mart_prd_list_files/31911_1.jpg" alt="로니세라 캔디 30개입 x 1개" onerror="javascript:this.src=&#39;/MW/img/product/no_image_100.gif&#39;;"></span>		<span class="info"><span class="ico">	</span><span class="name"> 로니세라 캔디 30개입 x 1개</span>	<span class="att"> <!-- 카탈로그형 --> 	</span>		</span>		<!-- 리스트 -->		<span class="grade" name="martBaseType"><span class="sati mj100">만족도 100%</span><span class="rev"><b>리뷰</b>(3)</span>		</span>		<!-- 갤러리 -->		<div name="martGalleryType" style="display:none;">		<div class="price">			<del>12,750원</del>		<span class="prc"><b>11,340</b>원</span>		</div></div>		<div name="martBaseType">		<!-- 리스트 -->		<div class="price">			<del>12,750원</del>			<!-- 카탈로그형 --><span class="prc"><b>11,340</b>원</span><span class="unit">(10g당945원)</span>		</div></div>	</a>		<!-- 카탈로그형 리스트 -->		<div name="baseButtonType">	<div class="btn_set"> <button type="button" class="cart" onclick="martGoToOrder(&#39;catalogInsertCart&#39;,&#39;697019065&#39;,&#39;4351580098&#39;,&#39;로니세라 캔디 30개입 x 1개&#39;);orderClickCode(&#39;cart&#39;);return false;">담기</button> <button type="button" class="buy" onclick="martGoToOrder(&#39;catalogDirectOrder&#39;,&#39;697019065&#39;,&#39;4351580098&#39;,&#39;로니세라 캔디 30개입 x 1개&#39;);orderClickCode(&#39;buy&#39;);return false;">구매</button></div></div>		<!-- 카탈로그형 갤러리 --> <div name="galleryButtonType" style="display:none;">	<div class="btn_set"> <span><button type="button" class="cart" onclick="martGoToOrder(&#39;catalogInsertCart&#39;,&#39;697019065&#39;,&#39;4351580098&#39;,&#39;로니세라 캔디 30개입 x 1개&#39;);orderClickCode(&#39;cart&#39;);return false;">담기</button></span> <span><button type="button" class="buy" onclick="martGoToOrder(&#39;catalogDirectOrder&#39;,&#39;697019065&#39;,&#39;4351580098&#39;,&#39;로니세라 캔디 30개입 x 1개&#39;);orderClickCode(&#39;buy&#39;);return false;">구매</button></span></div></div></li><li>	<a href="javascript:goMartLink(&#39;http://m.11st.co.kr/MW/Mart/martCatalogDetail.tmall?mallType=mart&amp;catalogNo=26248&#39;);">		<span class="thumb"><img src="search_mart_prd_list_files/26248_1.jpg" alt="프루티부시 200g x 1개" onerror="javascript:this.src=&#39;/MW/img/product/no_image_100.gif&#39;;"></span>		<span class="info"><span class="ico"><span class="ic dy">당일배송</span>	</span><span class="name"> 프루티부시 200g x 1개</span>	<span class="att"> <!-- 카탈로그형 --> 	</span>		</span>		<!-- 리스트 -->		<span class="grade" name="martBaseType"><span class="sati mj100">만족도 100%</span><span class="rev"><b>리뷰</b>(3)</span>		</span>		<!-- 갤러리 -->		<div name="martGalleryType" style="display:none;">		<div class="price">		<span class="prc"><b>3,500</b>원</span>		</div></div>		<div name="martBaseType">		<!-- 리스트 -->		<div class="price">			<!-- 카탈로그형 --><span class="prc"><b>3,500</b>원</span><span class="unit">(10g당175원)</span>		</div></div>	</a>		<!-- 카탈로그형 리스트 -->		<div name="baseButtonType">	<div class="btn_set"> <button type="button" class="cart" onclick="martGoToOrder(&#39;catalogInsertCart&#39;,&#39;1109943903&#39;,&#39;4075902187&#39;,&#39;프루티부시 200g x 1개&#39;);orderClickCode(&#39;cart&#39;);return false;">담기</button> <button type="button" class="buy" onclick="martGoToOrder(&#39;catalogDirectOrder&#39;,&#39;1109943903&#39;,&#39;4075902187&#39;,&#39;프루티부시 200g x 1개&#39;);orderClickCode(&#39;buy&#39;);return false;">구매</button></div></div>		<!-- 카탈로그형 갤러리 --> <div name="galleryButtonType" style="display:none;">	<div class="btn_set"> <span><button type="button" class="cart" onclick="martGoToOrder(&#39;catalogInsertCart&#39;,&#39;1109943903&#39;,&#39;4075902187&#39;,&#39;프루티부시 200g x 1개&#39;);orderClickCode(&#39;cart&#39;);return false;">담기</button></span> <span><button type="button" class="buy" onclick="martGoToOrder(&#39;catalogDirectOrder&#39;,&#39;1109943903&#39;,&#39;4075902187&#39;,&#39;프루티부시 200g x 1개&#39;);orderClickCode(&#39;buy&#39;);return false;">구매</button></span></div></div></li></ul>
			<!-- 장바구니 담기 -->
			<div id="popCart" class="pop_atype"></div>
			<div id="popCart01" class="pop_atype"></div>
			<div id="popCart02" class="pop_atype"></div>
			<div id="popCart03" class="pop_atype"></div>
			<div id="popCart04" class="pop_atype"></div>
			<div id="popDelivery" class="pop_opt_type"></div>
			<div id="popOpt" class="pop_opt_type"></div>
			<!-- //장바구니 담기 -->
			<div class="pages" id="mart_prd_list_paging" style="display: block;"><a href="javascript:void(0);" class="prev">이전</a><strong title="현재페이지">1</strong><a href="http://m.11st.co.kr/MW/Mart/searchMartPrdList.tmall?decSearchKeyword=%BB%E7%C5%C1&amp;searchType=mart&amp;searchKeyword=%25EC%2582%25AC%25ED%2583%2595&amp;listType=&amp;sortCd=P&amp;showAdvProducts=Y&amp;dispCtgrNo=&amp;dispCtgrLevel=&amp;pageNo=&amp;inKeyword=&amp;withoutKeyword=&amp;previousKwd=&amp;previousExcptKwd=&amp;fromPrice=&amp;toPrice=&amp;discountCheck=&amp;noInterestCheck=&amp;freeDeliveryCheck=&amp;worldDeliveryCheck=&amp;isSearchInSearch=&amp;isCategoryInSearch=&amp;isBrandInSearch=&amp;isOneCategorySearch=&amp;brandName=&amp;brandItemName=&amp;brandTitle=&amp;lCategoryNos=&amp;mCategoryNos=&amp;sCategoryNos=&amp;dCategoryNos=&amp;pageSize=0&amp;jobType=S&amp;mallType=mart&amp;bsshopId=&amp;subType=&amp;isPMJeanYN=&amp;lCtgrNo=&amp;mCtgrNo=&amp;sCtgrNo=&amp;dCtgrNo=#" onclick="goMartPage(2); return false;" class="">2</a><a href="javascript:void(0);" class="next">다음</a></div>

			<p class="no_msg" id="noDataView" style="display:none;">
				<strong id="searchKeyWordView"></strong>에 대한 검색결과가 없습니다.
			</p>

			<!-- pop 속성선택 -->
	
			<div class="pop_mart" id="popFit_nation">
				<div class="fix_select">
					<h1>나라별 <span>(중복선택 가능)</span></h1>
					<div class="slct" style="overflow-y:auto;">
						<ul>
				
							<li searchkey="1016_304_1009|1016_304_1072|1016_304_1042"><a href="javascript:void(0);" onclick="etcAttrSelect(this);">한국</a></li>
				
							<li searchkey="1016_1590_1009"><a href="javascript:void(0);" onclick="etcAttrSelect(this);">대만</a></li>
				
							<li searchkey="1016_1591_1009"><a href="javascript:void(0);" onclick="etcAttrSelect(this);">독일</a></li>
				
							<li searchkey="1016_1595_1009"><a href="javascript:void(0);" onclick="etcAttrSelect(this);">미국</a></li>
				
							<li searchkey="1016_1596_1009"><a href="javascript:void(0);" onclick="etcAttrSelect(this);">베트남</a></li>
				
							<li searchkey="1016_1600_1009|1016_1600_1030"><a href="javascript:void(0);" onclick="etcAttrSelect(this);">영국</a></li>
				
							<li searchkey="1016_2042_1009"><a href="javascript:void(0);" onclick="etcAttrSelect(this);">스위스</a></li>
				
						</ul>
					</div>
				</div>
				<div class="btn_wrp">
					<div><a href="http://m.11st.co.kr/MW/Mart/searchMartPrdList.tmall?decSearchKeyword=%BB%E7%C5%C1&amp;searchType=mart&amp;searchKeyword=%25EC%2582%25AC%25ED%2583%2595&amp;listType=&amp;sortCd=P&amp;showAdvProducts=Y&amp;dispCtgrNo=&amp;dispCtgrLevel=&amp;pageNo=&amp;inKeyword=&amp;withoutKeyword=&amp;previousKwd=&amp;previousExcptKwd=&amp;fromPrice=&amp;toPrice=&amp;discountCheck=&amp;noInterestCheck=&amp;freeDeliveryCheck=&amp;worldDeliveryCheck=&amp;isSearchInSearch=&amp;isCategoryInSearch=&amp;isBrandInSearch=&amp;isOneCategorySearch=&amp;brandName=&amp;brandItemName=&amp;brandTitle=&amp;lCategoryNos=&amp;mCategoryNos=&amp;sCategoryNos=&amp;dCategoryNos=&amp;pageSize=0&amp;jobType=S&amp;mallType=mart&amp;bsshopId=&amp;subType=&amp;isPMJeanYN=&amp;lCtgrNo=&amp;mCtgrNo=&amp;sCtgrNo=&amp;dCtgrNo=#" class="btn_mrt gy" onclick="goAttrSearch(&#39;customize&#39;, [&#39;nation&#39;, &#39;S&#39;]);">확인</a></div>
					<div><button type="button" class="btn_mrt" onclick="goAttrSearch(&#39;customize&#39;, [&#39;nation&#39;, &#39;C&#39;]);">취소</button></div>
				</div>
			</div>
	
			<!-- //pop 속성선택 -->

		</section>
		<!-- //contents -->

	</div>
	<div id="adamAd"></div>

<script>
	if(!Date.now) {
	    Date.now = function() {return new Date().gtTime();}
	}

	function callStatAjax(url, key, item) {
		if (url && url != '') {
			var statUrl = '/a.st?url='+url+'&ts='+Date.now();
			if (key && key != '') statUrl += '&key='+key;
			if (item && item != '') statUrl += '&item='+item;
			var xhr = window.ActiveXObject ? new window.ActiveXObject('Microsoft.XMLHTTP') : new window.XMLHttpRequest();
		    try {
		        xhr.open('get', statUrl, true);
		        xhr.send(null);
		    } catch (e){ console.log(e); }
		}
	}

	function callStat(url, key, item) {
		if (url && url != '') {
			var statUrl = '/a.st?url='+url+'&ts='+Date.now();
			if (key && key != '') statUrl += '&key='+key;
			if (item && item != '') statUrl += '&item='+item;
			var clickIfrm;
			if (document.getElementById('ifrmClickAnaly')) {
				clickIfrm = document.getElementById('ifrmClickAnaly');
			} else {
				clickIfrm = document.createElement('IFRAME');
				clickIfrm.id = 'ifrmClickAnaly';
				clickIfrm.width = 0;
				clickIfrm.height = 0;
				clickIfrm.style.display = 'none';
				document.body.appendChild(clickIfrm);
			}
			clickIfrm.src = statUrl;
		}
	}

	function catchItemClickEvent(e) {
		try {
			var evt = e || window.event;
			var node = evt.srcElement || evt.target;
			while(1) {
				if (node.nodeName && node.nodeName.toLowerCase() === 'a') {
					break;
				} else {
					if (node.parentNode) {node = node.parentNode;}
					else {break;}
				}
			}
			if (node.nodeName.toLowerCase() === 'a' && node.parentNode.parentNode.getAttribute("data-clickurl")) {
				var key = '';
				var item = '';
				if (node.parentNode.parentNode.getAttribute("data-clickkey")) key = node.parentNode.parentNode.getAttribute("data-clickkey");
				if (node.getAttribute("data-clickitem")) item  = node.getAttribute("data-clickitem");
				callStat(node.parentNode.parentNode.getAttribute("data-clickurl"), key, item);
			}
		} catch (e) {}
		return true;
	}

	function catchAnchorClickEvent(e) {
		try {
			var evt = e || window.event;
			var node = evt.srcElement || evt.target;
			while(1) {
				if (node.nodeName &&
						( node.nodeName.toLowerCase() === 'a' || node.nodeName.toLowerCase() === 'input' || node.nodeName.toLowerCase() === 'button'  || node.nodeName.toLowerCase() === 'select') ) {
					break;
				} else {
					if (node.parentNode) {node = node.parentNode;}
					else {break;}
				}

			}
			if ( node.getAttribute("data-clickurl") ) {
				var key = '';
				var item = '';
				if (node.getAttribute("data-clickkey")) key = node.getAttribute("data-clickkey");
				if (node.getAttribute("data-clickitem")) item = node.getAttribute("data-clickitem");
				callStat(node.getAttribute("data-clickurl"), key, item);
			}
		} catch (e) {}
		return true;
	}

	function catchAnchorClickEventToAjax(e) {
		try {
			var evt = e || window.event;
			var node = evt.srcElement || evt.target;
			while(1) {
				if (node.nodeName &&
						( node.nodeName.toLowerCase() === 'a' || node.nodeName.toLowerCase() === 'input' || node.nodeName.toLowerCase() === 'button'  || node.nodeName.toLowerCase() === 'select') ) {
					break;
				} else {
					if (node.parentNode) {node = node.parentNode;}
					else {break;}
				}

			}
			if (node.getAttribute("data-clickurl")) {
				var key = '';
				var item = '';
				if (node.getAttribute("data-clickkey")) key = node.getAttribute("data-clickkey");
				if (node.getAttribute("data-clickitem")) item = node.getAttribute("data-clickitem");
				callStatAjax(node.getAttribute("data-clickurl"), key, item);
			}
		} catch (e) {}
		return true;
	}

	function hdStckFlush(trcUrl){
		try {
			if(trcUrl != null && typeof trcUrl != "undefined" && trcUrl != "") {

				var baseURL;
				if( document.location.href.indexOf( "https" ) == 0 ) {
					baseURL = "https://www.11st.co.kr/track.st?turl=";
				} else {
					baseURL = "http://st.11st.co.kr/track.st?turl=";
				}

				var img = new Image();
				img.src = baseURL + trcUrl;
			}
		} catch(e) {}
	};

	function callHotClickPairing(pin) {
		try {
			var getHotClickCookie = function(cName) {
			    cName = cName + '=';
			    var cookieData = document.cookie;
			    var start = cookieData.indexOf(cName);
			    var cValue = '';
			    if(start != -1){
			         start += cName.length;
			         var end = cookieData.indexOf(';', start);
			         if(end == -1)end = cookieData.length;
			         cValue = cookieData.substring(start, end);
			    }
			    return unescape(cValue);
			};
			var getHotClickAppType = function() {
				return getHotClickCookie('appType');
			};

			var isAndroidApp = false;
			if(getHotClickAppType() == "appmw") {
				isAndroidApp = true;
			}

			var param = "";
			var pin = pin || {};
			var url = "//c.hotclick.netinsight.co.kr/hotclick/";
			try {
				if(document.location.protocol.indexOf("https") > -1) {
					url = "https://d1ehvyc0c0r8fr.cloudfront.net/hotclick/";
				} else {
					url = "http:" + url;
				}
			} catch(e) {
				url = "http:" + url;
			}

			if(typeof pin.method == "undefined" || pin.method == null || pin.method.length <= 0) {
				pin.method = "visit";
			}
			if(pin.method == "purchase") {
				url += "rm-cuki";
			} else {
				url += "set-cuki";
			}
			if(typeof pin.prdNo == "undefined" || pin.prdNo == null || pin.prdNo.length <= 0) {
				return false;
			}

			param = "#method=" + pin.method;
			if(typeof pin.ctgrNo != "undefined" && pin.ctgrNo != null && pin.ctgrNo.length > 0) {
				param += "&ctgr_no=" + pin.ctgrNo;
			}
			param += "&prod_no=" + pin.prdNo;
			if(typeof pin.price != "undefined" && pin.price != null && pin.price.length > 0) {
				param += "&price=" + pin.price;
			}
			if(typeof pin.did != "undefined" && pin.did != null && pin.did.length > 0 && isAndroidApp) {
				param += "&did=" + pin.did;
			} else {
				param += "&did="
			}


			var statUrl = url + param;
			var clickIfrm;
			if (document.getElementById('ifrmHotClickAnaly')) {
				clickIfrm = document.getElementById('ifrmHotClickAnaly');
			} else {
				clickIfrm = document.createElement('IFRAME');
				clickIfrm.id = 'ifrmHotClickAnaly';
				clickIfrm.width = 0;
				clickIfrm.height = 0;
				clickIfrm.style.display = 'none';
				document.body.appendChild(clickIfrm);
			}
			clickIfrm.src = statUrl;

			setTimeout(function() {
				document.body.removeChild(clickIfrm);
			}, 1000);
		} catch(ex) {}
	}


	function callPushGaTrc(ctg, action, label, url, dimension) {
		var getCookie = function(cName) {
		    cName = cName + '=';
		    var cookieData = document.cookie;
		    var start = cookieData.indexOf(cName);
		    var cValue = '';
		    if(start != -1){
		         start += cName.length;
		         var end = cookieData.indexOf(';', start);
		         if(end == -1)end = cookieData.length;
		         cValue = cookieData.substring(start, end);
		    }
		    return unescape(cValue);
		};

        var convertDimensionToCd =  function (dimension) {
            var cd_keys = Object.keys(dimension);
            var cds = {};
            for (var idx = 0; idx < cd_keys.length; idx++) {
                var cd_key = cd_keys[idx];
                var cd_value = dimension[cd_key];
                cds[cd_key.replace("dimension","").toLowerCase()] = cd_value;
            }
            return cds;
        };

		var gaSend = function(ctg, action, label, dimension) {
			try {
			    var appType = getCookie('appType');

			    if(appType === '') {
			        if (dimension !=null && dimension !='undefined') {
                        ga("send", "event", ctg, action, label, dimension);
                    } else {
                        ga("send", "event", ctg, action, label);
                    }

			    }else{

                    var cds, cdsStr, jsonStr ;
                    jsonStr = "{ \"category\" : \""+ctg+"\", \"action\" :\""+action+"\", \"label\" : \"" +  label ;

                    if (dimension !=null && dimension !='undefined') {
                        cds = convertDimensionToCd(dimension);
                        cdsStr = "\", \"cd\" : " + JSON.stringify(cds) + " }";
                    } else {
                        cdsStr = "\" }";
                    }
                    jsonStr += cdsStr;

			        var appStr = "app://gaSendEvent/" + encodeURIComponent(jsonStr);
			        window.location.replace(appStr);
			    }
			} catch(e) {
				console.log(e);
			};
		};
		
		try {
			if(typeof url != 'undefined' && url !=''){
				setTimeout(function() {
					document.location.href = url;
				}, 500);
			}
		}catch(e) {
			console.log(e);
		};
		gaSend(ctg, action, label, dimension);
	}


	function catchAnchorGAClickEventToAjax(e) {
		try {
			var evt = e || window.event;
			var node = evt.srcElement || evt.target;
			while(1) {
				if (node.nodeName &&
						( node.nodeName.toLowerCase() === 'a' || node.nodeName.toLowerCase() === 'input' || node.nodeName.toLowerCase() === 'button'  || node.nodeName.toLowerCase() === 'select') ) {
					break;
				} else {
					if (node.parentNode) {node = node.parentNode;}
					else {break;}
				}
			}
		} catch (e) {}

        catchAnchorGAMW(node);

		return true;
	}


    function catchAnchorGAMW(obj) {
        try {
            var ctg = '';
            var action = '';
            var label = '';
            var dimension = null;

            jQuery.each(jQuery(obj)[0].dataset,function(key,value) {
                if (key == "gactg") {
                    ctg = value;
                } else if (key == "gaaction") {
                    action = value;
                } else if (key == "galabel") {
                    label = value;
                } else if (key.indexOf("gaDimension") > -1) {
                    //PC 와 맞추기 위해 data-ga-dimension{{숫자}} 값으로 전달받기로 함.
                    if (dimension == null) {
                        dimension = {};
                    }
                    dimension[key.replace("ga","").replace("-","").toLowerCase()] = value;
                }
            });

            if (ctg != '' && action != '') {
                callPushGaTrc(ctg, action, label, '', dimension)
            }
        } catch (e) {}

    }

    // 외부에서 저장하는 HTML의 특정 Attribute 순서 별로 값을 셋팅한다
    // a 태그 중 data-ga-dimension-12' 의 속성 값이 '' 인 값 셋팅하는 경우 : reorderAttrValue('data-ga-dimension-12', '')
    // a 태그 중 data-ga-dimension-12' 의 속성 값을 무시하고 재 셋팅하는 경우 : reorderAttrValue('data-ga-dimension-12')
    function reorderAttrValue(attrName, isAttrValue) {
        jQuery(function(){
            var selectStr = 'a[' + attrName ;
            selectStr += (typeof isAttrValue == "undefined")? ']' : ('="' + isAttrValue + '"]') ;
            var elements = jQuery(selectStr);
            elements.each(function(index, item){
                jQuery(this).attr(attrName, (index+1));
            });
        });
    }

</script>



<script>
// 레코픽 로그 데이터 적재시 사용되는 사용자 정보 함수
function getBase64UserInfo(){
	try{
		var changeStr	= '';
		var birthyear	= TMCookieUtil.getSubCookie(0, "HODY");
		var gender		= TMCookieUtil.getSubCookie(0, "GND");
		if(gender != null && gender != "undefined" && gender.length > 0
				&& (gender == "10"|| gender == "20")){
			gender = gender == "10" ? "M" : "F";
		}
		changeStr	= '{"user":{"birthyear":"'+birthyear+'","gender":"'+gender+'"}}';
		
		var incodeStr	= "";
		if(gender != null && gender != "" && birthyear != null && birthyear != ""){
			incodeStr	= window.btoa(changeStr);
		}
		return incodeStr;
	} catch (e) {
		console.log(e);
		return null;
	}
}

window.addEventListener("DOMContentLoaded",  function(){
	$("#search_submit").click(function(){
		var reco_searhword	= "";
		if($("#decSearchKeyword") && $("#decSearchKeyword").val() != ""){
			reco_searhword	= $("#decSearchKeyword").val();
		}
		if(reco_searhword != null && reco_searhword != "" && reco_searhword != "undefined"){
			try {
				(function(w,d,n,s,e,o) {
			    	w[n]=w[n]||function(){(w[n].q=w[n].q||[]).push(arguments)}; 
			    	e=d.createElement(s);e.async=1;e.charset='utf-8';e.src='//static.recopick.com/dist/production.min.js'; 
			    	o=d.getElementsByTagName(s)[0];o.parentNode.insertBefore(e,o);
			  	})(window, document, 'recoPick', 'script'); 
		  
					recoPick('service', "m.11st.co.kr");
					recoPick('setUID', TMCookieUtil.getCookie("PCID"));
					
					
					recoPick('sendLog', 'search', reco_searhword);
			} catch ( err ) {console.log("recopick : " + err);}
		} 
	});
});

var RecoPickInfo = function(pin) {
	this.site		= pin.service;
	this.url		= encodeURIComponent(document.location.href);
    this.ref		= encodeURIComponent(document.referrer);
	this.items		= [];
	this.uid		= pin.setUID;
	this.action		= pin.action;
	
	if(pin.b != null && typeof pin.b != "undefined" && pin.b.length > 0) {
		this.b = pin.b;
	}
	if(pin.mid != null && typeof pin.mid != "undefined" && pin.mid.length > 0) {
		this.mid = pin.mid;
	}
	
	this.getUrl	= function(recopickServer) {
		resultStr = recopickServer
					+ this.action
					+ "/" + this.site
					+ "/" + this.uid
					+ "?site=" + this.site
					+ "&url=" + this.url
					+ "&ref="  + this.ref;
		if(this.mid != null && typeof this.mid != "undefined" && this.mid.length > 0) {
			resultStr += "&mid=" + this.mid;
		}
		if(this.items != null && typeof this.items != "undefined" && this.items.length > 0) {
			for(var i = 0; i < this.items.length; i++) {
				resultStr += this.items[i].getItemStr(i);
			}
		}
		resultStr += "&uid=" + this.uid;
		resultStr += "&action=" + this.action;
		
		return resultStr;
	}
}

var RecoPickPrdInfo = function(pin){
	this.id	= pin.id;
	this.c1	= pin.c1;
	this.c2	= pin.c2;
	this.c3	= pin.c3;
	this.c4	= pin.c4;

	if(pin.count != null && typeof pin.count != "undefined" && pin.count.length > 0) {
		this.count = pin.count;
	}

	this.getItemStr = function(idx) {
		var resultStr = ""
				+ "&" + encodeURIComponent("items[" + idx + "][id]") + "=" + this.id
				+ "&" + encodeURIComponent("items[" + idx + "][c1]") + "=" + this.c1
				+ "&" + encodeURIComponent("items[" + idx + "][c2]") + "=" + this.c2
				+ "&" + encodeURIComponent("items[" + idx + "][c3]") + "=" + this.c3
				+ "&" + encodeURIComponent("items[" + idx + "][c4]") + "=" + this.c4
				;
		if(this.count != null && typeof this.count != "undefined" && this.count.length > 0) {
			resultStr += "&" + encodeURIComponent("items[" + idx + "][count]") + "=" + this.count;
		}

		return resultStr;
	}
}

function callRecopickPrdStat(recoPickInfo, recopickServer) {
	if(recopickServer == null || typeof recopickServer == "undefined" || recopickServer == "") {
		recopickServer	= "http://api.recopick.com/v1/logs/";
	}
	try {
		var img = new Image();
		img.src = recoPickInfo.getUrl(recopickServer);
	} catch(e) {console.log('RecoPickLog'+e);}
}
</script>


<!-- criteo -->
<script type="text/javascript" src="./search_mart_prd_list_files/ld.js" async="true"></script>
<script type="text/javascript">
	try{
		if( typeof cto_item != 'undefined' ) {
			window.criteo_q = window.criteo_q || [];
	
			var pageData = {};
			
			pageData.event = cto_pageType;
			pageData.item = cto_item;
	
			window.criteo_q.push(
					{event: "setAccount", account: "4771"},
					{event: "setCustomerId", id: "" }, 
					{event: "setSiteType", type: "m"},
					pageData
			);
		}
	}catch(e){}
</script>





<section id="cpFloating" class="cp_floating" style="display:none;">
	<div class="cp_wrap">
		<div class="cp_banner">
			<a href="http://m.11st.co.kr/MW/Mart/searchMartPrdList.tmall?decSearchKeyword=%BB%E7%C5%C1&amp;searchType=mart&amp;searchKeyword=%25EC%2582%25AC%25ED%2583%2595&amp;listType=&amp;sortCd=P&amp;showAdvProducts=Y&amp;dispCtgrNo=&amp;dispCtgrLevel=&amp;pageNo=&amp;inKeyword=&amp;withoutKeyword=&amp;previousKwd=&amp;previousExcptKwd=&amp;fromPrice=&amp;toPrice=&amp;discountCheck=&amp;noInterestCheck=&amp;freeDeliveryCheck=&amp;worldDeliveryCheck=&amp;isSearchInSearch=&amp;isCategoryInSearch=&amp;isBrandInSearch=&amp;isOneCategorySearch=&amp;brandName=&amp;brandItemName=&amp;brandTitle=&amp;lCategoryNos=&amp;mCategoryNos=&amp;sCategoryNos=&amp;dCategoryNos=&amp;pageSize=0&amp;jobType=S&amp;mallType=mart&amp;bsshopId=&amp;subType=&amp;isPMJeanYN=&amp;lCtgrNo=&amp;mCtgrNo=&amp;sCtgrNo=&amp;dCtgrNo=#"></a>
			<button type="button" class="stop">그만보기</button>
		</div>
		<button type="button" class="close" onclick="mwUI.moreToggle(&#39;cpFloating&#39;, &#39;on&#39;, this, &#39;보기&#39;, &#39;닫기&#39;)">캠페인 보기</button>
	</div>
</section>
<script id="mwDev_offerTemplate" type="text/x-elevenst-template">
	<div class="cp_wrap">
		{{html}}
		<button type="button" class="close" onclick="cpOfferAllPopup.close('cpAllpopup')">캠페인 닫기</button>
	</div>
</script>

<script>
function toEndDateFormat(endDate) { //parseTime(time)
    var year = endDate.substr(0,4);
    var month = endDate.substr(4,2) - 1; // 1월=0,12월=11
    var day = endDate.substr(6,2);
    var hour = endDate.substr(8,2);
    var min = endDate.substr(10,2);
    var second = endDate.substr(12,2);

    return new Date(year,month,day,hour,min, second);
}

function setOfferCookie(c_name,value, endDate)
{
    var expdate;
    if(endDate) {
		expdate = toEndDateFormat(endDate);
    } else {
        expdate = new Date();
        expdate.setTime(expdate.getTime() + (1000* 24 * 60 * 60 * 1));
    }
    document.cookie = c_name+"=" + encodeURIComponent(value) + "; path=/; expires=" + expdate.toGMTString();
}

function getOfferCookie(cpCode, type) {
	var INFO = ['CODE', 'VIEW', 'CLICK', 'DENY'];
	
	function getCookie(cName) {
	    cName = cName + '=';
	    var cookieData = document.cookie;
	    var start = cookieData.indexOf(cName);
	    var cValue = '';
	    if(start != -1){
	         start += cName.length;
	         var end = cookieData.indexOf(';', start);
	         if(end == -1)end = cookieData.length;
	         cValue = cookieData.substring(start, end);
	    }
	    return unescape(cValue);
	}
	
	var cookieValue = getCookie('offerBnInfo');
    if(cookieValue) {
        var cArry = cookieValue.split('@');
        for(var idx in cArry) {
        	var info = cArry[idx].split('|');
            if(cArry[idx] && cArry[idx] != '' && cpCode == info[0]) {
            	return info[INFO.indexOf(type)];
            }
        }
    }
    return 'N';
}

function setBannerInfo(offerBanners) {
	//set local storage
	store.set('offerBanners', offerBanners);
	
	var bannerStore = store.get('offerBanners');
	
	var strInfo = ''; //full Cookie String
	var endDate = ''; //Cookie End Date
	
	for(var key in bannerStore) {
		var info = bannerStore[key];
		var denyYn = getOfferCookie(key, 'DENY');
		if(info.endDate > endDate ) {
			endDate = info.endDate;	
		}
		if(denyYn != 'Y') denyYn = info.denyYn;
		strInfo += key + '|' + info.viewYn + '|' + info.clickYn + '|' + denyYn + '@';
	}
	setOfferCookie('offerBnInfo', strInfo, endDate);
}

function clickOfferBanner(banner, deny) {
    var offerBanners = store.get('offerBanners');
    if(offerBanners) {
        for(var idx in offerBanners) {
            if(offerBanners[idx].cpCode == banner.cpCode) {
                offerBanners[idx].clickYn = 'Y';
                if(deny && banner.cntType == '00') {
                	offerBanners[idx].denyYn = 'Y';
                }
            }
        }
        setBannerInfo(offerBanners);
    }
    var img = new Image();
    img.src = '/MW/Offer/Banner/updateBannerClick.tmall?campaignCode='+banner.cpCode;
}

var cpFloatingTO = null;
function showOfferFloatBanner(banner) {
	document.querySelector('#cpFloating a').href = banner.link;
	document.querySelector('#cpFloating a').addEventListener('click', function() {
		clickOfferBanner(banner);
		document.getElementById('cpFloating').style.display = 'none';
		
		try {
			callStatAjax('MWM','MWM01','MWM0103');
		} catch(Exception) {}
	}, false);
	document.querySelector('#cpFloating a').innerHTML = '<img src="'+banner.imgUrl+'" alt="'+banner.name+'"/>';
	document.querySelector('#cpFloating .stop').addEventListener('click', function() {
		clickOfferBanner(banner, true);
		document.getElementById('cpFloating').style.display = 'none';
	}, false);

	document.getElementById('cpFloating').style.display = 'block';
	var cpFloatingBtn = document.getElementById('cpFloating').getElementsByClassName('close')[0];
	setTimeout(function() { 
		mwUI.moreToggle('cpFloating', 'on', cpFloatingBtn, '보기', '닫기');
		cpFloatingTO = setTimeout(function() {
			document.getElementById('cpFloating').className = 'cp_floating';
        }, 5000);
	}, 500);
}

function showOfferAllPopup(banner) {
	var sec = document.createElement('section');
	sec.id = 'cpAllpopup';
	sec.className = 'cp_allpopup';
	
	var template = document.getElementById('mwDev_offerTemplate').innerHTML;
	sec.innerHTML = template.replace('{{html}}', banner.contents);
	
	document.body.appendChild(sec);
	
	setTimeout(function() {
		cpOfferAllPopup.open('cpAllpopup');
	}, 500);
}

var cpOfferAllPopup = {
	open : function(id) {
		var obj = document.getElementById(id);
 
		document.body.className += ' allpopup';
 
		obj.className += ' start';
		setTimeout(function() { 
			obj.className = obj.className.replace(" start", " animation");
		}, 500);
		obj.addEventListener('webkitTransitionEnd', function() {
			obj.className = obj.className.replace(" animation", "");
		}, false);
	},
	close : function(id) {
		var obj = document.getElementById(id);
 
		obj.className += ' animation';
		setTimeout(function() { 
			obj.className = obj.className.replace(" animation", " end");
		}, 500);
		obj.addEventListener('webkitTransitionEnd', function() {
			obj.className = obj.className.replace(" end", "");
			document.body.className = document.body.className.replace(' allpopup', '');
		}, false);
	}
}

window.addEventListener("load",  function(){
	if(location.href.indexOf('/Login') > -1 || location.href.indexOf('/Order') > -1) return;
	
	var externalCookie = getAdCookie('externalBanners');
	if (location.href.indexOf('/productBasicInfo') > -1 && "Y" == "" && "Y" == "") {
		var banner = {};
		banner.contents = '';
		showOfferAllPopup(banner);
		return;
	} else if (location.href.indexOf('/productBasicInfo') > -1 && "" != '' && (!externalCookie || externalCookie < 1) ) {
		var banner = {};
		setOfferCookie('externalBanners', !externalCookie ? 1 : parseInt(externalCookie)+1);
		banner.contents = '';
		showOfferAllPopup(banner);
		
		return;
	}
	
	var offerCookie = getAdCookie('offerBanners');
	var offerBanners = store.get('offerBanners');

	if(offerCookie && offerBanners) {
		for(var idx in offerBanners) {
			if(getOfferCookie(offerBanners[idx].cpCode, 'CLICK') == 'N' && getOfferCookie(offerBanners[idx].cpCode, 'VIEW')  == 'N') {
                var endDate = offerBanners[idx].endDate;
                if((new Date() - toEndDateFormat(endDate)) > 0) {
                    continue;
                }
                if(getOfferCookie(offerBanners[idx].cpCode, 'DENY') == 'Y') {
                    continue;
                }
			
				offerBanners[idx].viewYn = 'Y';
				setBannerInfo(offerBanners);
				
				if(offerBanners[idx].type == '00') {
					showOfferFloatBanner(offerBanners[idx]);
				} else if(offerBanners[idx].type == '01') {
					showOfferAllPopup(offerBanners[idx]);
				}
        		break;
			}
		}
	} else {
		//if(offerCookie) return;
		
	    $.ajax({
	        url: '/MW/Offer/Banner/getBanners.tmall',
	        cache : false,		
	        success: function(msg) {
	        	setOfferCookie('offerBanners', true);
	            var json = JSON.parse(msg);
	            if(json && json.status.code == 200) {
	            	if(json.response.cnt && json.response.cnt > 0) {
	            		var bannerStore = {};
	            		var banners = json.response.banners;
	            		
	            		var firstIdx = null;
	            		for(var idx in banners) {
	            			var viewYn = getOfferCookie(banners[idx].cpCode, 'VIEW');
	            			var nativeView = (!offerBanners && viewYn == 'Y'); //Native 노출 여부(LocalStorage 에 존재하지 않고 쿠키에 있을경우)
	            			var clickYn = banners[idx].clickYn;
	            			var denyYn = getOfferCookie(banners[idx].cpCode, 'DENY');

	            			if(denyYn == 'Y') banners[idx].denyYn = 'Y';
	            			
	            			if(denyYn != 'Y' && clickYn != 'Y') {
	            				firstIdx = banners[idx].cpCode;
	            			}
	            			bannerStore[banners[idx].cpCode] = banners[idx];
	            		}
	            		bannerStore[firstIdx].viewYn = 'Y';
	            		setBannerInfo(bannerStore);
	            		
						if(!nativeView && bannerStore[firstIdx].type == '00') {
							showOfferFloatBanner(bannerStore[firstIdx]);
						} else if(!nativeView && bannerStore[firstIdx].type == '01') {
							showOfferAllPopup(bannerStore[firstIdx]);
						}		            		
	            	}
	            }
	        }
	    });
	}	
}, false);
</script>

<script>
window.addEventListener("DOMContentLoaded",  function(){

	var hasTouch = 'ontouchstart' in window;
	var click = hasTouch ? 'touchend' : 'mousedown';
	
	$("header #kwd ul").delegate("li a", "click", catchAnchorClickEvent);
    $("header #schwd #schword01").delegate("ul li a", "click", catchAnchorClickEvent);
    $("header #schwd #schword02 div div").delegate("ul li a", "click", catchAnchorClickEvent);
    $("header #schwd #schword03").delegate("ul li a", "click", catchAnchorClickEvent);
    $(".f_menu ul").delegate("li a", "click", catchAnchorClickEvent);
    $(".prdAdd").delegate("a", "click", catchAnchorClickEvent);
    
	var as = document.querySelectorAll("#wrap a");
	for(var i=0,len=as.length; i<len; i++){
		if( !(as[i].dataset.clickurl == undefined || as[i].dataset.clickurl == '') ){
			as[i].addEventListener('click', catchAnchorClickEvent );
		}
    }
	var input = document.querySelectorAll("#wrap input");
	for(var i=0,len=input.length; i<len; i++){
		if( !(input[i].dataset.clickurl == undefined || input[i].dataset.clickurl == '') ){
			if( input[i].dataset.calltype == 'ajax' ){
				input[i].addEventListener('click', catchAnchorClickEventToAjax );
			}else{
				input[i].addEventListener('click', catchAnchorClickEvent );
			}
		}
    }
	var button = document.querySelectorAll("#wrap button");
	for(var i=0,len=button.length; i<len; i++){
		if( !(button[i].dataset.clickurl == undefined || button[i].dataset.clickurl == '') ){
			button[i].addEventListener('click', catchAnchorClickEvent );	
		}
    }
	
    $(".cont_wrap .sch_sort .sort").bind(click, catchAnchorClickEventToAjax);
    $(".cont_wrap .sch_sort .sort").bind("change", function(){
    	callStatAjax( $(":selected").data().clickurl, $(":selected").data().clickkey );
    });

    $(".cont_wrap .schbox2 select").bind(click, catchAnchorClickEventToAjax);
    $(".cont_wrap .schbox2 select").bind("change", function(){
    	$(":selected", this).each(function(){
    		callStatAjax( $(this).data().clickurl, $(this).data().clickkey ) ;
    	});
    });
    
}, false);


if (!isApp()) {
	window.addEventListener("scroll",  function(){
		var scrollHeight;
		if ( pageYOffset ) {
			scrollHeight = pageYOffset;
		} else {
			var body = document.body;
			var de = document.documentElement;
			de = (de.clientHeight) ? de : body;
			scrollHeight = de.scrollTop;
		}
		if (scrollHeight > 1) {
			document.querySelector('.f_top').style.display = 'block';
		} else {
			document.querySelector('.f_top').style.display = 'none';
		}
		
	}, false);
}
</script>

<footer>
<script>
function fn_goTop() {
	window.scrollTo(0, 1);
}
function fn_doAjax(urlString, cbFunction) {
    if (!urlString) return false;
    if(typeof jQuery != 'undefined') {
	    $.ajax({
	        url: urlString,
	        context: document.body,	
	        success: function(msg) {
	            if (cbFunction) eval(cbFunction + "(" + msg + ")");
	        },	
	        error: function() {
	            if (cbFunction) eval(cbFunction+"()");
	        }
	    });
    }
}

function fn_doAjaxCall(urlString, cbFunction) {
    if (!urlString) return false;

    if(typeof jQuery != 'undefined') {
	    $.ajax({
	        url: urlString,
	        dataType : 'json',
	        success: function(msg) {
	        	if (cbFunction) cbFunction.call(this, msg);
	        },	
	        error: function() {
	        	if (cbFunction) cbFunction.call(this);
	        }
	    });
    }
}

function funcCheckIsLogin(){
	var arg = "TMALL_AUTH=";
	var alen = arg.length;
	var clen = document.cookie.length;
	var i = 0;

	while (i < clen)
	{
		var j = i + alen;
		if (document.cookie.substring(i, j) == arg)
			return true;
		i = document.cookie.indexOf(" ", i) + 1;
		if (i == 0)
			break;
	}
	return false;
}
function keyOneShow()
{	
		num = (Math.ceil(Math.random()*keyArray.length)) - 1;
		$("#decSearchKeyword").val(keyArray[num]);
		$("#dispObjLnkUrl").val(keyLinkArray[num]);
}

var keyArray = new Array();
var keyLinkArray = new Array();
var domainUrl = document.URL;
var sslType = domainUrl.split("://");



function callAdAppScheme(scheme, json) {
    try {
        var ifr = document.getElementById('appAdTextInterface');
        if (!ifr) {
            ifr = document.createElement('iframe');
            ifr.id = 'appAdTextInterface';
            ifr.width = 0;
            ifr.height = 0;
            ifr.style.display = 'none';
            document.body.appendChild(ifr);
        }
        ifr.src = scheme+encodeURIComponent(JSON.stringify(json));
    } catch(e) {console.log(e);}
}

function getAdCookie(cName) {
    cName = cName + '=';
    var cookieData = document.cookie;
    var start = cookieData.indexOf(cName);
    var cValue = '';
    if(start != -1){
         start += cName.length;
         var end = cookieData.indexOf(';', start);
         if(end == -1)end = cookieData.length;
         cValue = cookieData.substring(start, end);
    }
    return unescape(cValue);
}

function gnbTextListJson(json) {
	var appData = {};
	appData.viewLogUrl = 'http://m.11st.co.kr/a.st?type=view&idx={{idx}}';
    appData.clickLogUrl = 'http://m.11st.co.kr/a.st?type=view&idx={{idx}}';
    appData.list = [];
	if (json) {		
		if (json.textList.length > 0) {		

			var textCnt = json.textList.length;
			if(textCnt > 20) textCnt = 20;
			
			for (var i=0 ; i<textCnt ; i++) {
				keyArray[i] = json.textList[i].dispObjNm;
				keyLinkArray[i] = json.textList[i].dispObjLnkUrl;
				
				//for app
				var appListData = {};
                appListData.idx = i;
                appListData.name = json.textList[i].dispObjNm;
                appListData.link = json.textList[i].dispObjLnkUrl;
                appData.list[i] = appListData;
			}			            
		}
	}
	var searchText = "사탕";
	if (keyArray.length > 0 && searchText == "" ) {
		keyOneShow();
		var appType = getAdCookie("appType");
		if(appType.indexOf("appmw") > -1) {
			callAdAppScheme('app://ads/searchKeywords/', appData);
		}
	} else {
        var appTextData = {};
        appTextData.list = [];
        var appTextListData = {};
        appTextListData.name = searchText;
        
        var searchUrl = 'http://m.11st.co.kr/MW/Search/searchProduct.tmall?decSearchKeyword=' + encodeURIComponent(searchText) + '&searchKeyword=' + encodeURIComponent(encodeURIComponent(searchText));
        appTextListData.link = searchUrl;
        appTextData.list[appTextData.list.length] = appTextListData;
        
        var appType = getAdCookie("appType");
        if(appType.indexOf("appmw") > -1) {
            callAdAppScheme('app://ads/searchText/', appTextData);
        }
    }
}

</script>


<script type="text/javascript">
window.addEventListener("load",  function() {
	try {
		var protocol = (window && window.location && window.location.protocol) ? window.location.protocol.replace(':', '') : "http";
		var element = document.createElement('script');
		var domainPrefix = "//c.m.011st.com/MW";
		if(protocol === "https") {
			domainPrefix = "//m.11st.co.kr/MW";
		}
		element.src = domainPrefix + "/js/lib/mwapptools.js";
		document.head.appendChild(element);
	} catch(e) {};
}, false);

function call11stAppFooter(scheme, url) {
	var path = scheme;
	if(path.indexOf('loadurl') > -1) {
		path += encodeURIComponent(url);
	}
	var intentScheme = '#Intent;scheme=elevenst;package=com.elevenst;end';
	mwapptools.web2app({ urlScheme : 'elevenst'+path, intentURI :
		'intent'+path+intentScheme, storeURL: 'itms-apps://itunes.apple.com/app/id397938216?mt=8' });
}
function goDealAppFooter(){	
	var scheme = '://maintab/home';
    var intentScheme ='#Intent;scheme=elevenstdeal;package=com.elevenst.deals;end';
    mwapptools.web2app({ urlScheme : "elevenstdeal"+scheme, intentURI : "intent"+scheme+intentScheme, storeURL: "itms-apps://itunes.apple.com/app/id804663259?mt=8" }); 
}
</script>

<div class="f_down">
	<ul>
		<li><a href="http://m.11st.co.kr/MW/Mart/searchMartPrdList.tmall?decSearchKeyword=%BB%E7%C5%C1&amp;searchType=mart&amp;searchKeyword=%25EC%2582%25AC%25ED%2583%2595&amp;listType=&amp;sortCd=P&amp;showAdvProducts=Y&amp;dispCtgrNo=&amp;dispCtgrLevel=&amp;pageNo=&amp;inKeyword=&amp;withoutKeyword=&amp;previousKwd=&amp;previousExcptKwd=&amp;fromPrice=&amp;toPrice=&amp;discountCheck=&amp;noInterestCheck=&amp;freeDeliveryCheck=&amp;worldDeliveryCheck=&amp;isSearchInSearch=&amp;isCategoryInSearch=&amp;isBrandInSearch=&amp;isOneCategorySearch=&amp;brandName=&amp;brandItemName=&amp;brandTitle=&amp;lCategoryNos=&amp;mCategoryNos=&amp;sCategoryNos=&amp;dCategoryNos=&amp;pageSize=0&amp;jobType=S&amp;mallType=mart&amp;bsshopId=&amp;subType=&amp;isPMJeanYN=&amp;lCtgrNo=&amp;mCtgrNo=&amp;sCtgrNo=&amp;dCtgrNo=#" onclick="call11stAppFooter(&#39;://loadurl?domain=m.11st.co.kr&amp;url=&#39;,document.location.href); return false;" class="app11st" data-clickurl="MWJ" data-clickkey="MWJ14" data-clickitem="MWJ1402">11번가 앱다운로드</a></li>
		<li><a href="http://m.11st.co.kr/MW/Mart/searchMartPrdList.tmall?decSearchKeyword=%BB%E7%C5%C1&amp;searchType=mart&amp;searchKeyword=%25EC%2582%25AC%25ED%2583%2595&amp;listType=&amp;sortCd=P&amp;showAdvProducts=Y&amp;dispCtgrNo=&amp;dispCtgrLevel=&amp;pageNo=&amp;inKeyword=&amp;withoutKeyword=&amp;previousKwd=&amp;previousExcptKwd=&amp;fromPrice=&amp;toPrice=&amp;discountCheck=&amp;noInterestCheck=&amp;freeDeliveryCheck=&amp;worldDeliveryCheck=&amp;isSearchInSearch=&amp;isCategoryInSearch=&amp;isBrandInSearch=&amp;isOneCategorySearch=&amp;brandName=&amp;brandItemName=&amp;brandTitle=&amp;lCategoryNos=&amp;mCategoryNos=&amp;sCategoryNos=&amp;dCategoryNos=&amp;pageSize=0&amp;jobType=S&amp;mallType=mart&amp;bsshopId=&amp;subType=&amp;isPMJeanYN=&amp;lCtgrNo=&amp;mCtgrNo=&amp;sCtgrNo=&amp;dCtgrNo=#" onclick="goDealAppFooter(); return false;" class="shocking" data-clickurl="MWJ" data-clickkey="MWJ14" data-clickitem="MWJ1403">쇼킹딜 앱다운로드</a></li>
	</ul>
</div>

<div class="f_menu">
	<ul>
		<li id="loginBottom"><a href="https://m.11st.co.kr/MW/Login/login.tmall" class="f1" data-clickurl="WGF01" data-clickkey="01">로그인</a></li>
		<li id="pcVersionLink"><a href="http://www.11st.co.kr/html/main.html" data-clickurl="WGF01" data-clickkey="02">PC버전</a></li>
		<li><a href="http://m.11st.co.kr/MW/Customer/customerMain.tmall" data-clickurl="WGF01" data-clickkey="03">고객센터</a></li>
		<li><a href="http://m.11st.co.kr/MW/Product/productMainConner.tmall" data-clickurl="WGF01" data-clickkey="04">전체서비스</a></li>
	</ul>
</div>
<script type="text/javascript">
var login = document.getElementById("loginBottom");
var type = "";
window.addEventListener("load",  function(){
	setTimeout("footerSetLogin()", 310);
	
}, false);
function footerSetLogin() {
	if(funcCheckIsLogin()) {
	    login.innerHTML = '<a href="/MW/Login/logout.tmall?type='+type+'" class="f5" data-clickurl="WGF01" data-clickkey="01">로그아웃</a>';
	} else {
	    login.innerHTML = '<a href="https://m.11st.co.kr/MW/Login/login.tmall" class="f1" data-clickurl="WGF01" data-clickkey="01">로그인</a>';
	}
}
(function() {
	(function() {
		var getCookie = function(cName) {
		    cName = cName + '=';
		    var cookieData = document.cookie;
		    var start = cookieData.indexOf(cName);
		    var cValue = '';
		    if(start != -1){
		         start += cName.length;
		         var end = cookieData.indexOf(';', start);
		         if(end == -1)end = cookieData.length;
		         cValue = cookieData.substring(start, end);
		    }
		    return unescape(cValue);
		};
		var getType = function() {
			return getCookie('appType');
		};
		var getVCA = function() {
			return getCookie('appVCA');
		};
		try {
			var appType = getType();
			var pcVersionWraps = document.getElementById('pcVersionLink');
            if(appType == "appmw_book" || appType == "appmwi_book") {
            	pcVersionWraps.innerHTML = '<a href="http://www.11st.co.kr/booksmall/BooksAction.tmall?ID=BOOKS&ctgrNo=63516">PC버전</a>';
            } else {
            	pcVersionWraps.innerHTML = '<a href="http://www.11st.co.kr/html/main.html"  data-clickurl="WGF01" data-clickkey="02">PC버전</a>';
            }
            if(appType == 'appmw' || appType == 'appmwi') {
		    	document.querySelector('.f_down').style.display = 'none';
		    }
		} catch(e) {console.error(e);}
	} ());
}());
</script>


	<script>
	window.addEventListener("load",  function(){
		var comparePricesSrchClickCd = 'W'+'SRPMDG05'; 
		var comparePricesDtalClickCd = 'W'+'SRPDMDI01'; 
		
	}, false);
	</script>
	<div class="f_foot">
		<address>
			<span class="p"><strong>SK플래닛(주)</strong><em>대표이사</em> : 서성원</span>
			<span class="p"><em>주소</em> : (13487) 경기도 성남시 분당구 판교로 264 (삼평동)</span>
			<span class="p"><em>사업자등록번호</em> : 104-86-36968</span>
			<span class="p"><em>통신판매업신고</em> : 제2014-경기성남-0036호</span>
			<span class="p"><em>고객센터</em> : <a href="tel:1599-0110" data-clickurl="WGF01" data-clickkey="08">1599 - 0110</a><span class="e"><a href="mailto:customerservice@11st.co.kr">customerservice@11st.co.kr</a></span></span>
		</address>
		<div class="link">
			<a href="http://www.ftc.go.kr/info/bizinfo/communicationView.jsp?apv_perm_no=2011301010030201333&amp;area1=&amp;area2=&amp;currpage=1&amp;searchKey=04&amp;searchVal=1048636968&amp;stdate=&amp;enddate=" data-clickurl="WGF01" data-clickkey="05">사업자정보확인</a>
			<a href="http://www.11st.co.kr/annc/AnncMainPreview.tmall?method=getProvision&amp;anncCd=01" class="law" data-clickurl="WGF01" data-clickkey="06">이용약관</a>
			<a href="http://www.11st.co.kr/annc/AnncMainPreview.tmall?method=getProvision&amp;anncCd=03" class="law" data-clickurl="WGF01" data-clickkey="07">개인정보처리방침</a>
		</div>
		<p class="noti">SK플래닛(주)는 통신판매중개자로서 오픈마켓 11번가의 거래당사자가 아니며, 입점판매자가 등록한 상품정보 및 거래에 대해 SK플래닛(주)는 일체의 책임을 지지 않습니다.</p>
		<p class="copy">COPYRIGHT &#169;SK planet. All RIGHTS RESERVED.</p>
	</div>
	
	<a href="http://m.11st.co.kr/MW/Mart/searchMartPrdList.tmall?decSearchKeyword=%BB%E7%C5%C1&amp;searchType=mart&amp;searchKeyword=%25EC%2582%25AC%25ED%2583%2595&amp;listType=&amp;sortCd=P&amp;showAdvProducts=Y&amp;dispCtgrNo=&amp;dispCtgrLevel=&amp;pageNo=&amp;inKeyword=&amp;withoutKeyword=&amp;previousKwd=&amp;previousExcptKwd=&amp;fromPrice=&amp;toPrice=&amp;discountCheck=&amp;noInterestCheck=&amp;freeDeliveryCheck=&amp;worldDeliveryCheck=&amp;isSearchInSearch=&amp;isCategoryInSearch=&amp;isBrandInSearch=&amp;isOneCategorySearch=&amp;brandName=&amp;brandItemName=&amp;brandTitle=&amp;lCategoryNos=&amp;mCategoryNos=&amp;sCategoryNos=&amp;dCategoryNos=&amp;pageSize=0&amp;jobType=S&amp;mallType=mart&amp;bsshopId=&amp;subType=&amp;isPMJeanYN=&amp;lCtgrNo=&amp;mCtgrNo=&amp;sCtgrNo=&amp;dCtgrNo=#" onclick="fn_goTop();return false;" class="f_top" style="display: none;" data-clickurl="WSRPK00" data-clickkey="WSRPK00">TOP</a>
	

<script src="./search_mart_prd_list_files/ga.js"></script>
<script src="./search_mart_prd_list_files/initData.js"></script>



<!-- 제휴채널 상품상세 앱호출 -->

<!-- //제휴채널 상품상세 앱호출 -->
<script type="text/javascript">
window.addEventListener("load",  function() {
	try {
		
	} catch(e) {};
}, false);

function getXsiteBannerCookie(cName) {
    cName = cName + '=';
    var cookieData = document.cookie;
    var start = cookieData.indexOf(cName);
    var cValue = '';
    if(start != -1){
         start += cName.length;
         var end = cookieData.indexOf(';', start);
         if(end == -1)end = cookieData.length;
         cValue = cookieData.substring(start, end);
    }
    return unescape(cValue);
}
</script>

<script>mwScript.addScript('/js/lib/netfunnel.js', "UTF-8");</script>
<iframe width="0" height="0" id="appAdTextInterface" style="display:none;" src="search_mart_prd_list_files/saved_resource.html"></iframe>
<script src="./search_mart_prd_list_files/inc_floatingEvent.js"></script>
<noscript><iframe width="0" height="0" src="search_mart_prd_list_files/ns.html" style="display: none; visibility: hidden;"></iframe></noscript><noscript><iframe width="0" height="0" src="search_mart_prd_list_files/ns(1).html" style="display: none; visibility: hidden;"></iframe></noscript></footer>

<div id="feedly-mini" title="feedly Mini tookit"></div></body></html>